
  <record>
    <leader>01769pam a2200445 c 4500</leader>
    <controlfield tag="001">1017943397</controlfield>
    <controlfield tag="003">DE-101</controlfield>
    <controlfield tag="005">20120208223157.0</controlfield>
    <controlfield tag="007">tu</controlfield>
    <controlfield tag="008">111212s2012    gw |||||r|||| 00||||ger  </controlfield>
    <datafield ind1=" " ind2=" " tag="015">
      <subfield code="a">12,A07</subfield>
      <subfield code="z">11,N51</subfield>
      <subfield code="2">dnb</subfield>
    </datafield>
    <datafield ind1="7" ind2=" " tag="016">
      <subfield code="2">DE-101</subfield>
      <subfield code="a">1017943397</subfield>
    </datafield>
    <datafield ind1=" " ind2=" " tag="020">
      <subfield code="a">9783460271463 (Verl. Kath. Bibelwerk)</subfield>
      <subfield code="c"> Pp. : EUR 9.95 (DE), EUR 10.20 (AT)</subfield>
      <subfield code="9">978-3-460-27146-3</subfield>
    </datafield>
    <datafield ind1=" " ind2=" " tag="020">
      <subfield code="a">9783865341310 (Ars Liturgica, Buch- &amp; Kunstverl.)</subfield>
      <subfield code="c"> Pp. : EUR 9.95 (DE), EUR 10.20 (AT)</subfield>
      <subfield code="9">978-3-86534-131-0</subfield>
    </datafield>
    <datafield ind1=" " ind2=" " tag="020">
      <subfield code="a">3460271469</subfield>
      <subfield code="9">3-460-27146-9</subfield>
    </datafield>
    <datafield ind1="3" ind2=" " tag="024">
      <subfield code="a">9783460271463</subfield>
    </datafield>
    <datafield ind1=" " ind2=" " tag="035">
      <subfield code="a">(DE-599)DNB1017943397</subfield>
    </datafield>
    <datafield ind1=" " ind2=" " tag="035">
      <subfield code="a">(OCoLC)775833292</subfield>
    </datafield>
    <datafield ind1=" " ind2=" " tag="040">
      <subfield code="a">1245</subfield>
      <subfield code="b">ger</subfield>
      <subfield code="c">DE-101</subfield>
      <subfield code="d">9999</subfield>
      <subfield code="e">rakwb</subfield>
    </datafield>
    <datafield ind1=" " ind2=" " tag="041">
      <subfield code="a">ger</subfield>
      <subfield code="h">heb</subfield>
      <subfield code="h">gre</subfield>
    </datafield>
    <datafield ind1=" " ind2=" " tag="044">
      <subfield code="c">XA-DE-BW</subfield>
    </datafield>
    <datafield ind1="0" ind2="4" tag="082">
      <subfield code="8">1\x</subfield>
      <subfield code="a">242.34</subfield>
      <subfield code="q">DE-101</subfield>
      <subfield code="2">22/ger</subfield>
    </datafield>
    <datafield ind1="7" ind2=" " tag="083">
      <subfield code="a">230</subfield>
      <subfield code="a">220</subfield>
      <subfield code="q">DE-101</subfield>
      <subfield code="2">22sdnb</subfield>
    </datafield>
    <datafield ind1=" " ind2=" " tag="084">
      <subfield code="a">230</subfield>
      <subfield code="a">220</subfield>
      <subfield code="q">DE-101</subfield>
      <subfield code="2">sdnb</subfield>
    </datafield>
    <datafield ind1=" " ind2=" " tag="085">
      <subfield code="8">1\x</subfield>
      <subfield code="b">242.34</subfield>
    </datafield>
    <datafield ind1=" " ind2=" " tag="090">
      <subfield code="a">b</subfield>
    </datafield>
    <datafield ind1="1" ind2=" " tag="100">
      <subfield code="0">(DE-588)128854898</subfield>
      <subfield code="0">(DE-101)128854898</subfield>
      <subfield code="a">Nies, Hildegard</subfield>
      <subfield code="4">aut</subfield>
    </datafield>
    <datafield ind1="1" ind2="0" tag="245">
      <subfield code="a">Die Bibel Tag für Tag</subfield>
      <subfield code="b">Fastenzeit und Ostern</subfield>
      <subfield code="c">Hildegard Nies</subfield>
    </datafield>
    <datafield ind1="3" ind2=" " tag="260">
      <subfield code="a">Stuttgart</subfield>
      <subfield code="b">Verl. Kath. Bibelwerk</subfield>
      <subfield code="a">Maria Laach</subfield>
      <subfield code="b">Ars Liturgica, Buch- &amp; Kunstverl.</subfield>
      <subfield code="c">2012, [2012?]</subfield>
    </datafield>
    <datafield ind1=" " ind2=" " tag="300">
      <subfield code="a">126 S.</subfield>
      <subfield code="b">Ill.</subfield>
      <subfield code="c">19 cm</subfield>
    </datafield>
    <datafield ind1=" " ind2="7" tag="650">
      <subfield code="0">(DE-588)4130216-3</subfield>
      <subfield code="0">(DE-101)041302168</subfield>
      <subfield code="a">Fastenzeit</subfield>
      <subfield code="2">gnd</subfield>
    </datafield>
    <datafield ind1=" " ind2="7" tag="650">
      <subfield code="0">(DE-588)4044040-0</subfield>
      <subfield code="0">(DE-101)040440400</subfield>
      <subfield code="a">Ostern</subfield>
      <subfield code="2">gnd</subfield>
    </datafield>
    <datafield ind1=" " ind2="7" tag="650">
      <subfield code="0">(DE-588)4038241-2</subfield>
      <subfield code="0">(DE-101)040382419</subfield>
      <subfield code="a">Meditation</subfield>
      <subfield code="2">gnd</subfield>
    </datafield>
    <datafield ind1="0" ind2="0" tag="689">
      <subfield code="0">(DE-588)4130216-3</subfield>
      <subfield code="0">(DE-101)041302168</subfield>
      <subfield code="D">s</subfield>
      <subfield code="a">Fastenzeit</subfield>
    </datafield>
    <datafield ind1="0" ind2="1" tag="689">
      <subfield code="0">(DE-588)4044040-0</subfield>
      <subfield code="0">(DE-101)040440400</subfield>
      <subfield code="D">s</subfield>
      <subfield code="a">Ostern</subfield>
    </datafield>
    <datafield ind1="0" ind2="2" tag="689">
      <subfield code="0">(DE-588)4038241-2</subfield>
      <subfield code="0">(DE-101)040382419</subfield>
      <subfield code="D">s</subfield>
      <subfield code="a">Meditation</subfield>
    </datafield>
    <datafield ind1="0" ind2=" " tag="689">
      <subfield code="5">DE-101</subfield>
      <subfield code="5">DE-101</subfield>
    </datafield>
    <datafield ind1="0" ind2=" " tag="730">
      <subfield code="a">Biblia</subfield>
      <subfield code="g">dt.</subfield>
    </datafield>
    <datafield ind1="4" ind2="2" tag="856">
      <subfield code="m">B:DE-101</subfield>
      <subfield code="q">application/pdf</subfield>
      <subfield code="u">http://d-nb.info/1017943397/04</subfield>
      <subfield code="3">Inhaltsverzeichnis</subfield>
    </datafield>
    <datafield ind1="r" ind2=" " tag="925">
      <subfield code="a">ra</subfield>
    </datafield>
  </record>