
  <record>
    <leader>01220njm a2200313 c 4500</leader>
    <controlfield tag="001">102011634X</controlfield>
    <controlfield tag="003">DE-101</controlfield>
    <controlfield tag="005">20121218160857.0</controlfield>
    <controlfield tag="007">s|||||||||||||</controlfield>
    <controlfield tag="008">120224s2011    gw ||||| |||||||||||ger  </controlfield>
    <datafield ind1=" " ind2=" " tag="015">
      <subfield code="a">12,T06</subfield>
      <subfield code="2">dnb</subfield>
    </datafield>
    <datafield ind1="7" ind2=" " tag="016">
      <subfield code="2">DE-101</subfield>
      <subfield code="a">102011634X</subfield>
    </datafield>
    <datafield ind1="3" ind2=" " tag="024">
      <subfield code="a">4018939204754</subfield>
    </datafield>
    <datafield ind1="3" ind2="2" tag="028">
      <subfield code="b">Königskinder (LC 14119)</subfield>
      <subfield code="a">KK 025</subfield>
    </datafield>
    <datafield ind1="3" ind2="2" tag="028">
      <subfield code="b">Königskinder</subfield>
      <subfield code="a">KK 025</subfield>
    </datafield>
    <datafield ind1=" " ind2=" " tag="035">
      <subfield code="a">(DE-599)DNB102011634X</subfield>
    </datafield>
    <datafield ind1=" " ind2=" " tag="040">
      <subfield code="a">1330</subfield>
      <subfield code="b">ger</subfield>
      <subfield code="c">DE-101</subfield>
      <subfield code="d">1330</subfield>
    </datafield>
    <datafield ind1=" " ind2=" " tag="041">
      <subfield code="a">ger</subfield>
    </datafield>
    <datafield ind1=" " ind2=" " tag="044">
      <subfield code="c">XA-DE</subfield>
    </datafield>
    <datafield ind1="7" ind2="4" tag="082">
      <subfield code="a">781.542</subfield>
      <subfield code="q">DE-101</subfield>
      <subfield code="2">22sdnb</subfield>
    </datafield>
    <datafield ind1=" " ind2=" " tag="084">
      <subfield code="a">781.542</subfield>
      <subfield code="q">DE-101</subfield>
      <subfield code="2">sdnb</subfield>
    </datafield>
    <datafield ind1="1" ind2="0" tag="245">
      <subfield code="a">Die drei Musketiere</subfield>
      <subfield code="h">[Tonträger]</subfield>
      <subfield code="b">original soundtrack</subfield>
      <subfield code="c">music by Paul Haslinger</subfield>
    </datafield>
    <datafield ind1="3" ind2=" " tag="260">
      <subfield code="a">München</subfield>
      <subfield code="b">Königskinder Music</subfield>
      <subfield code="c">2011, P 2011</subfield>
    </datafield>
    <datafield ind1=" " ind2=" " tag="300">
      <subfield code="a">1 CD</subfield>
      <subfield code="c">12 cm</subfield>
      <subfield code="e">Beih.</subfield>
    </datafield>
    <datafield ind1=" " ind2=" " tag="500">
      <subfield code="a">Interpr. u.a.: The Berlin Session Orchestra. Joris Bartsch-Buhle, musical director. Take That.</subfield>
    </datafield>
    <datafield ind1="1" ind2=" " tag="700">
      <subfield code="0">(DE-588)134688775</subfield>
      <subfield code="0">(DE-101)134688775</subfield>
      <subfield code="a">Haslinger, Paul</subfield>
      <subfield code="d">1962-</subfield>
      <subfield code="4">cre</subfield>
    </datafield>
    <datafield ind1="1" ind2=" " tag="700">
      <subfield code="0">(DE-588)135496888</subfield>
      <subfield code="0">(DE-101)135496888</subfield>
      <subfield code="a">Bartsch Buhle, Joris</subfield>
      <subfield code="d">1969-</subfield>
      <subfield code="4">prf</subfield>
      <subfield code="4">itr</subfield>
      <subfield code="e">ld</subfield>
    </datafield>
    <datafield ind1="2" ind2=" " tag="710">
      <subfield code="0">(DE-588)1022457209</subfield>
      <subfield code="0">(DE-101)1022457209</subfield>
      <subfield code="a">The Berlin Session Orchestra</subfield>
      <subfield code="4">mus</subfield>
    </datafield>
    <datafield ind1="2" ind2=" " tag="710">
      <subfield code="0">(DE-588)4339927-7</subfield>
      <subfield code="0">(DE-101)941151611</subfield>
      <subfield code="a">Take That</subfield>
      <subfield code="g">Musikgruppe</subfield>
      <subfield code="4">mus</subfield>
    </datafield>
  </record>