
  <record>
    <leader>01593nem a2200421 c 4500</leader>
    <controlfield tag="001">1020240369</controlfield>
    <controlfield tag="003">DE-101</controlfield>
    <controlfield tag="005">20120322223137.0</controlfield>
    <controlfield tag="007">a|||||||</controlfield>
    <controlfield tag="008">120229s2012    gw |||||||a|| | ||||mul  </controlfield>
    <datafield ind1=" " ind2=" " tag="015">
      <subfield code="a">12,C01</subfield>
      <subfield code="2">dnb</subfield>
    </datafield>
    <datafield ind1="7" ind2=" " tag="016">
      <subfield code="2">DE-101</subfield>
      <subfield code="a">1020240369</subfield>
    </datafield>
    <datafield ind1=" " ind2=" " tag="020">
      <subfield code="a">9783866093249</subfield>
      <subfield code="c">: EUR 9.90 (DE), EUR 10.30 (AT), sfr 17.00</subfield>
      <subfield code="9">978-3-86609-324-9</subfield>
    </datafield>
    <datafield ind1=" " ind2=" " tag="035">
      <subfield code="a">(DE-599)DNB1020240369</subfield>
    </datafield>
    <datafield ind1=" " ind2=" " tag="040">
      <subfield code="a">1249</subfield>
      <subfield code="b">ger</subfield>
      <subfield code="c">DE-101</subfield>
      <subfield code="d">9999</subfield>
      <subfield code="e">rakwb</subfield>
    </datafield>
    <datafield ind1=" " ind2=" " tag="041">
      <subfield code="a">mul</subfield>
    </datafield>
    <datafield ind1=" " ind2=" " tag="044">
      <subfield code="c">XA-DE</subfield>
    </datafield>
    <datafield ind1="7" ind2="4" tag="082">
      <subfield code="a">910</subfield>
      <subfield code="q">DE-101</subfield>
      <subfield code="2">22sdnb</subfield>
    </datafield>
    <datafield ind1=" " ind2=" " tag="084">
      <subfield code="a">910</subfield>
      <subfield code="q">DE-101</subfield>
      <subfield code="2">sdnb</subfield>
    </datafield>
    <datafield ind1=" " ind2=" " tag="090">
      <subfield code="a">b</subfield>
    </datafield>
    <datafield ind1="1" ind2="0" tag="245">
      <subfield code="a">Ecuador</subfield>
      <subfield code="b">Ecuador West, Ecuador East, Galápagos Islands, Greater Quito, Quito, Guayaquil, Cuenca ; updated, durable, water-repellent, write-on/wipe-off surface</subfield>
    </datafield>
    <datafield ind1=" " ind2=" " tag="250">
      <subfield code="a">9. ed.</subfield>
    </datafield>
    <datafield ind1=" " ind2=" " tag="255">
      <subfield code="a">Ecuador Oeste: 1:1 000 000. Ecuador Este: 1:2 000 000</subfield>
    </datafield>
    <datafield ind1=" " ind2=" " tag="259">
      <subfield code="a">19</subfield>
    </datafield>
    <datafield ind1="3" ind2=" " tag="260">
      <subfield code="a">[Hauzenberg]</subfield>
      <subfield code="b">Borch</subfield>
      <subfield code="c">2012</subfield>
    </datafield>
    <datafield ind1=" " ind2=" " tag="300">
      <subfield code="a">1 Kt. in 2 Teilen auf Vorder- und Rücks.</subfield>
      <subfield code="b">mehrfarb.</subfield>
      <subfield code="c">Blattgr. 88 x 50 cm, gefaltet</subfield>
    </datafield>
    <datafield ind1="0" ind2=" " tag="490">
      <subfield code="a">Borch map</subfield>
    </datafield>
    <datafield ind1=" " ind2=" " tag="500">
      <subfield code="a">Mit Nebenkt. und Verz. der Orte, Sehenswürdigkeiten und Parks. - Mit Schummerung</subfield>
    </datafield>
    <datafield ind1=" " ind2="7" tag="650">
      <subfield code="0">(DE-588)4057883-5</subfield>
      <subfield code="0">(DE-101)040578836</subfield>
      <subfield code="a">Straße</subfield>
      <subfield code="2">gnd</subfield>
    </datafield>
    <datafield ind1=" " ind2="7" tag="650">
      <subfield code="0">(DE-588)4049275-8</subfield>
      <subfield code="0">(DE-101)040492753</subfield>
      <subfield code="a">Reise</subfield>
      <subfield code="2">gnd</subfield>
    </datafield>
    <datafield ind1=" " ind2="7" tag="651">
      <subfield code="0">(DE-588)4129321-6</subfield>
      <subfield code="0">(DE-101)041293215</subfield>
      <subfield code="a">Ecuador</subfield>
      <subfield code="2">gnd</subfield>
    </datafield>
    <datafield ind1=" " ind2="7" tag="655">
      <subfield code="a">Karte</subfield>
      <subfield code="2">gnd</subfield>
    </datafield>
    <datafield ind1="0" ind2="0" tag="689">
      <subfield code="0">(DE-588)4129321-6</subfield>
      <subfield code="0">(DE-101)041293215</subfield>
      <subfield code="D">g</subfield>
      <subfield code="a">Ecuador</subfield>
    </datafield>
    <datafield ind1="0" ind2="1" tag="689">
      <subfield code="0">(DE-588)4057883-5</subfield>
      <subfield code="0">(DE-101)040578836</subfield>
      <subfield code="D">s</subfield>
      <subfield code="a">Straße</subfield>
    </datafield>
    <datafield ind1="0" ind2="2" tag="689">
      <subfield code="0">(DE-588)4049275-8</subfield>
      <subfield code="0">(DE-101)040492753</subfield>
      <subfield code="D">s</subfield>
      <subfield code="a">Reise</subfield>
    </datafield>
    <datafield ind1="0" ind2="3" tag="689">
      <subfield code="A">f</subfield>
      <subfield code="a">Karte</subfield>
    </datafield>
    <datafield ind1="0" ind2=" " tag="689">
      <subfield code="5">DE-101</subfield>
      <subfield code="5">DE-101</subfield>
    </datafield>
    <datafield ind1="r" ind2=" " tag="925">
      <subfield code="a">rc</subfield>
    </datafield>
  </record>