
  <record>
    <leader>01507pem a2200421 c 4500</leader>
    <controlfield tag="001">1021413062</controlfield>
    <controlfield tag="003">DE-101</controlfield>
    <controlfield tag="005">20130416223041.0</controlfield>
    <controlfield tag="007">a|||||||</controlfield>
    <controlfield tag="008">120404s2012    au |||||||a|| | ||||mul  </controlfield>
    <datafield ind1=" " ind2=" " tag="015">
      <subfield code="a">13,C02</subfield>
      <subfield code="z">12,N15</subfield>
      <subfield code="2">dnb</subfield>
    </datafield>
    <datafield ind1="7" ind2=" " tag="016">
      <subfield code="2">DE-101</subfield>
      <subfield code="a">1021413062</subfield>
    </datafield>
    <datafield ind1=" " ind2=" " tag="020">
      <subfield code="a">9783707913965</subfield>
      <subfield code="c">in Umschlag : EUR 9.95 (DE), EUR 9.95 (AT), sfr 13.90 (freier Pr.)</subfield>
      <subfield code="9">978-3-7079-1396-5</subfield>
    </datafield>
    <datafield ind1="3" ind2=" " tag="024">
      <subfield code="a">9783707913965</subfield>
    </datafield>
    <datafield ind1=" " ind2=" " tag="035">
      <subfield code="a">(DE-599)DNB1021413062</subfield>
    </datafield>
    <datafield ind1=" " ind2=" " tag="040">
      <subfield code="a">1145</subfield>
      <subfield code="b">ger</subfield>
      <subfield code="c">DE-101</subfield>
      <subfield code="d">9999</subfield>
      <subfield code="e">rakwb</subfield>
    </datafield>
    <datafield ind1=" " ind2=" " tag="041">
      <subfield code="a">mul</subfield>
    </datafield>
    <datafield ind1=" " ind2=" " tag="044">
      <subfield code="c">XA-AT</subfield>
    </datafield>
    <datafield ind1="7" ind2="4" tag="082">
      <subfield code="a">910</subfield>
      <subfield code="q">DE-101</subfield>
      <subfield code="2">22sdnb</subfield>
    </datafield>
    <datafield ind1=" " ind2=" " tag="084">
      <subfield code="a">910</subfield>
      <subfield code="q">DE-101</subfield>
      <subfield code="2">sdnb</subfield>
    </datafield>
    <datafield ind1=" " ind2=" " tag="090">
      <subfield code="a">b</subfield>
    </datafield>
    <datafield ind1="1" ind2="0" tag="245">
      <subfield code="a">Ecuador</subfield>
      <subfield code="b">Autokarte ; touristische Informationen, Entfernungen in km, Nationalparks</subfield>
    </datafield>
    <datafield ind1=" " ind2=" " tag="250">
      <subfield code="a">[Laufzeit bis] 2016</subfield>
    </datafield>
    <datafield ind1=" " ind2=" " tag="255">
      <subfield code="a">1:800 000</subfield>
    </datafield>
    <datafield ind1=" " ind2=" " tag="259">
      <subfield code="a">42016</subfield>
    </datafield>
    <datafield ind1="3" ind2=" " tag="260">
      <subfield code="a">Vienna</subfield>
      <subfield code="b">Freytag &amp; Berndt</subfield>
      <subfield code="c">2012, [2012]</subfield>
    </datafield>
    <datafield ind1=" " ind2=" " tag="300">
      <subfield code="a">1 Kt.</subfield>
      <subfield code="b">mehrfarb.</subfield>
      <subfield code="c">83 x 94 cm, gefaltet</subfield>
    </datafield>
    <datafield ind1=" " ind2=" " tag="500">
      <subfield code="a">Mit 1 Nebenkt. - Mit Schummerung. - Zusätzliches Online-Angebot mit QR-Code über Handy abrufbar</subfield>
    </datafield>
    <datafield ind1=" " ind2="7" tag="650">
      <subfield code="0">(DE-588)4057883-5</subfield>
      <subfield code="0">(DE-101)040578836</subfield>
      <subfield code="a">Straße</subfield>
      <subfield code="2">gnd</subfield>
    </datafield>
    <datafield ind1=" " ind2="7" tag="650">
      <subfield code="0">(DE-588)4049275-8</subfield>
      <subfield code="0">(DE-101)040492753</subfield>
      <subfield code="a">Reise</subfield>
      <subfield code="2">gnd</subfield>
    </datafield>
    <datafield ind1=" " ind2="7" tag="651">
      <subfield code="0">(DE-588)4129321-6</subfield>
      <subfield code="0">(DE-101)041293215</subfield>
      <subfield code="a">Ecuador</subfield>
      <subfield code="2">gnd</subfield>
    </datafield>
    <datafield ind1=" " ind2="7" tag="655">
      <subfield code="a">Karte</subfield>
      <subfield code="2">gnd</subfield>
    </datafield>
    <datafield ind1="0" ind2="0" tag="689">
      <subfield code="0">(DE-588)4129321-6</subfield>
      <subfield code="0">(DE-101)041293215</subfield>
      <subfield code="D">g</subfield>
      <subfield code="a">Ecuador</subfield>
    </datafield>
    <datafield ind1="0" ind2="1" tag="689">
      <subfield code="0">(DE-588)4057883-5</subfield>
      <subfield code="0">(DE-101)040578836</subfield>
      <subfield code="D">s</subfield>
      <subfield code="a">Straße</subfield>
    </datafield>
    <datafield ind1="0" ind2="2" tag="689">
      <subfield code="0">(DE-588)4049275-8</subfield>
      <subfield code="0">(DE-101)040492753</subfield>
      <subfield code="D">s</subfield>
      <subfield code="a">Reise</subfield>
    </datafield>
    <datafield ind1="0" ind2="3" tag="689">
      <subfield code="A">f</subfield>
      <subfield code="a">Karte</subfield>
    </datafield>
    <datafield ind1="0" ind2=" " tag="689">
      <subfield code="5">DE-101</subfield>
      <subfield code="5">DE-101</subfield>
    </datafield>
    <datafield ind1="r" ind2=" " tag="925">
      <subfield code="a">rc</subfield>
    </datafield>
  </record>