
  <record>
    <leader>02366pim a2200505 c 4500</leader>
    <controlfield tag="001">1021907111</controlfield>
    <controlfield tag="003">DE-101</controlfield>
    <controlfield tag="005">20120823223115.0</controlfield>
    <controlfield tag="007">s|||||||||||||</controlfield>
    <controlfield tag="007">co||||||||||||</controlfield>
    <controlfield tag="008">120430s2012    gw |||||q|||||||||||ger  </controlfield>
    <datafield ind1=" " ind2=" " tag="015">
      <subfield code="a">12,A35</subfield>
      <subfield code="z">12,N19</subfield>
      <subfield code="2">dnb</subfield>
    </datafield>
    <datafield ind1="7" ind2=" " tag="016">
      <subfield code="2">DE-101</subfield>
      <subfield code="a">1021907111</subfield>
    </datafield>
    <datafield ind1=" " ind2=" " tag="020">
      <subfield code="a">9783862312214</subfield>
      <subfield code="c">: EUR 19.99 (DE) (freier Pr.), EUR 20.20 (AT) (freier Pr.), sfr 30.50 (freier Pr.)</subfield>
      <subfield code="9">978-3-86231-221-4</subfield>
    </datafield>
    <datafield ind1="3" ind2=" " tag="024">
      <subfield code="a">9783862312214</subfield>
    </datafield>
    <datafield ind1=" " ind2=" " tag="035">
      <subfield code="a">(DE-599)DNB1021907111</subfield>
    </datafield>
    <datafield ind1=" " ind2=" " tag="035">
      <subfield code="a">(OCoLC)808717134</subfield>
    </datafield>
    <datafield ind1=" " ind2=" " tag="040">
      <subfield code="a">1145</subfield>
      <subfield code="b">ger</subfield>
      <subfield code="c">DE-101</subfield>
      <subfield code="d">9999</subfield>
      <subfield code="e">rakwb</subfield>
    </datafield>
    <datafield ind1=" " ind2=" " tag="041">
      <subfield code="a">ger</subfield>
    </datafield>
    <datafield ind1=" " ind2=" " tag="044">
      <subfield code="c">XA-DE-BE</subfield>
    </datafield>
    <datafield ind1="7" ind2="4" tag="082">
      <subfield code="a">830</subfield>
      <subfield code="a">B</subfield>
      <subfield code="q">DE-101</subfield>
      <subfield code="2">22sdnb</subfield>
    </datafield>
    <datafield ind1=" " ind2=" " tag="084">
      <subfield code="a">830</subfield>
      <subfield code="a">B</subfield>
      <subfield code="q">DE-101</subfield>
      <subfield code="2">sdnb</subfield>
    </datafield>
    <datafield ind1="1" ind2="0" tag="245">
      <subfield code="a">Nullzeit</subfield>
      <subfield code="h">[Tonträger]</subfield>
      <subfield code="b">gekürzte Lesung</subfield>
      <subfield code="c">Juli Zeh. Mit Thomas Sarbacher und Britta Steffenhagen. NDR Kultur. Bearb. Doreen Maas. Regie Anna Hartwich. Studio Hamburg</subfield>
    </datafield>
    <datafield ind1="3" ind2=" " tag="260">
      <subfield code="a">[Berlin]</subfield>
      <subfield code="b">DAV</subfield>
      <subfield code="c">2012</subfield>
    </datafield>
    <datafield ind1=" " ind2=" " tag="300">
      <subfield code="a">4 CDs (ca. 291 Min.)</subfield>
      <subfield code="b">stereo</subfield>
      <subfield code="c">12 cm, in Behältnis 13 x 14 x 2 cm</subfield>
    </datafield>
    <datafield ind1=" " ind2="7" tag="650">
      <subfield code="0">(DE-588)4128227-9</subfield>
      <subfield code="0">(DE-101)041282272</subfield>
      <subfield code="a">Insel</subfield>
      <subfield code="2">gnd</subfield>
    </datafield>
    <datafield ind1=" " ind2="7" tag="650">
      <subfield code="0">(DE-588)4070334-4</subfield>
      <subfield code="0">(DE-101)040703347</subfield>
      <subfield code="a">Deutsche</subfield>
      <subfield code="2">gnd</subfield>
    </datafield>
    <datafield ind1=" " ind2="7" tag="650">
      <subfield code="0">(DE-588)4150643-1</subfield>
      <subfield code="0">(DE-101)04150643X</subfield>
      <subfield code="a">Dreierbeziehung</subfield>
      <subfield code="2">gnd</subfield>
    </datafield>
    <datafield ind1=" " ind2="7" tag="651">
      <subfield code="0">(DE-588)4055964-6</subfield>
      <subfield code="0">(DE-101)040559645</subfield>
      <subfield code="a">Spanien</subfield>
      <subfield code="2">gnd</subfield>
    </datafield>
    <datafield ind1=" " ind2="7" tag="655">
      <subfield code="a">Belletristische Darstellung</subfield>
      <subfield code="2">gnd</subfield>
    </datafield>
    <datafield ind1=" " ind2="7" tag="655">
      <subfield code="0">(DE-101)1010008188</subfield>
      <subfield code="a">Erzählende Literatur: Gegenwartsliteratur ab 1945</subfield>
      <subfield code="2">gatbeg</subfield>
    </datafield>
    <datafield ind1="0" ind2="0" tag="689">
      <subfield code="0">(DE-588)4055964-6</subfield>
      <subfield code="0">(DE-101)040559645</subfield>
      <subfield code="D">g</subfield>
      <subfield code="a">Spanien</subfield>
    </datafield>
    <datafield ind1="0" ind2="1" tag="689">
      <subfield code="0">(DE-588)4128227-9</subfield>
      <subfield code="0">(DE-101)041282272</subfield>
      <subfield code="D">s</subfield>
      <subfield code="a">Insel</subfield>
    </datafield>
    <datafield ind1="0" ind2="2" tag="689">
      <subfield code="0">(DE-588)4070334-4</subfield>
      <subfield code="0">(DE-101)040703347</subfield>
      <subfield code="D">s</subfield>
      <subfield code="a">Deutsche</subfield>
    </datafield>
    <datafield ind1="0" ind2="3" tag="689">
      <subfield code="0">(DE-588)4150643-1</subfield>
      <subfield code="0">(DE-101)04150643X</subfield>
      <subfield code="D">s</subfield>
      <subfield code="a">Dreierbeziehung</subfield>
    </datafield>
    <datafield ind1="0" ind2="4" tag="689">
      <subfield code="A">f</subfield>
      <subfield code="a">Belletristische Darstellung</subfield>
    </datafield>
    <datafield ind1="0" ind2=" " tag="689">
      <subfield code="5">DE-101</subfield>
      <subfield code="5">DE-101</subfield>
    </datafield>
    <datafield ind1="1" ind2=" " tag="700">
      <subfield code="0">(DE-588)123120802</subfield>
      <subfield code="0">(DE-101)123120802</subfield>
      <subfield code="a">Zeh, Juli</subfield>
      <subfield code="d">1974-</subfield>
      <subfield code="4">cre</subfield>
    </datafield>
    <datafield ind1="1" ind2=" " tag="700">
      <subfield code="0">(DE-588)136634036</subfield>
      <subfield code="0">(DE-101)136634036</subfield>
      <subfield code="a">Sarbacher, Thomas</subfield>
      <subfield code="4">cre</subfield>
    </datafield>
    <datafield ind1="1" ind2=" " tag="700">
      <subfield code="0">(DE-588)132871254</subfield>
      <subfield code="0">(DE-101)132871254</subfield>
      <subfield code="a">Steffenhagen, Britta</subfield>
      <subfield code="4">cre</subfield>
    </datafield>
    <datafield ind1="1" ind2=" " tag="700">
      <subfield code="0">(DE-588)138610215</subfield>
      <subfield code="0">(DE-101)138610215</subfield>
      <subfield code="a">Maas, Doreen</subfield>
      <subfield code="4">cre</subfield>
    </datafield>
    <datafield ind1="1" ind2=" " tag="700">
      <subfield code="0">(DE-588)115138099</subfield>
      <subfield code="0">(DE-101)115138099</subfield>
      <subfield code="a">Hartwich, Anna</subfield>
      <subfield code="4">cre</subfield>
    </datafield>
    <datafield ind1="2" ind2=" " tag="710">
      <subfield code="0">(DE-588)10328114-9</subfield>
      <subfield code="0">(DE-101)320545199</subfield>
      <subfield code="a">Norddeutscher Rundfunk</subfield>
      <subfield code="g">Hamburg</subfield>
      <subfield code="b">Radio</subfield>
      <subfield code="n">3</subfield>
    </datafield>
    <datafield ind1="4" ind2="2" tag="856">
      <subfield code="m">X:MVB</subfield>
      <subfield code="q">text/html</subfield>
      <subfield code="u">http://deposit.d-nb.de/cgi-bin/dokserv?id=4024561&amp;prov=M&amp;dok_var=1&amp;dok_ext=htm</subfield>
      <subfield code="3">Inhaltstext</subfield>
    </datafield>
    <datafield ind1="r" ind2=" " tag="925">
      <subfield code="a">ra</subfield>
    </datafield>
  </record>