
  <record>
    <leader>01898pam a2200493 c 4500</leader>
    <controlfield tag="001">1022181068</controlfield>
    <controlfield tag="003">DE-101</controlfield>
    <controlfield tag="005">20120814223047.0</controlfield>
    <controlfield tag="007">tu</controlfield>
    <controlfield tag="008">120509s2012    gw |||||r|||| 00||||ger  </controlfield>
    <datafield ind1=" " ind2=" " tag="015">
      <subfield code="a">12,A34</subfield>
      <subfield code="z">12,N20</subfield>
      <subfield code="2">dnb</subfield>
    </datafield>
    <datafield ind1="7" ind2=" " tag="016">
      <subfield code="2">DE-101</subfield>
      <subfield code="a">1022181068</subfield>
    </datafield>
    <datafield ind1=" " ind2=" " tag="020">
      <subfield code="a">9783895614361</subfield>
      <subfield code="c">Pp. : EUR 19.95 (DE), EUR 20.60 (AT), sfr 28.50 (freier Pr.)</subfield>
      <subfield code="9">978-3-89561-436-1</subfield>
    </datafield>
    <datafield ind1=" " ind2=" " tag="020">
      <subfield code="a">389561436X</subfield>
      <subfield code="9">3-89561-436-X</subfield>
    </datafield>
    <datafield ind1="3" ind2=" " tag="024">
      <subfield code="a">9783895614361</subfield>
    </datafield>
    <datafield ind1=" " ind2=" " tag="035">
      <subfield code="a">(DE-599)DNB1022181068</subfield>
    </datafield>
    <datafield ind1=" " ind2=" " tag="035">
      <subfield code="a">(OCoLC)805858271</subfield>
    </datafield>
    <datafield ind1=" " ind2=" " tag="040">
      <subfield code="a">1245</subfield>
      <subfield code="b">ger</subfield>
      <subfield code="c">DE-101</subfield>
      <subfield code="d">9999</subfield>
      <subfield code="e">rakwb</subfield>
    </datafield>
    <datafield ind1=" " ind2=" " tag="041">
      <subfield code="a">ger</subfield>
    </datafield>
    <datafield ind1=" " ind2=" " tag="044">
      <subfield code="c">XA-DE-HE</subfield>
    </datafield>
    <datafield ind1="7" ind2="4" tag="082">
      <subfield code="a">830</subfield>
      <subfield code="a">B</subfield>
      <subfield code="q">DE-101</subfield>
      <subfield code="2">22sdnb</subfield>
    </datafield>
    <datafield ind1=" " ind2=" " tag="084">
      <subfield code="a">830</subfield>
      <subfield code="a">B</subfield>
      <subfield code="q">DE-101</subfield>
      <subfield code="2">sdnb</subfield>
    </datafield>
    <datafield ind1=" " ind2=" " tag="090">
      <subfield code="a">b</subfield>
    </datafield>
    <datafield ind1="1" ind2=" " tag="100">
      <subfield code="0">(DE-588)123120802</subfield>
      <subfield code="0">(DE-101)123120802</subfield>
      <subfield code="a">Zeh, Juli</subfield>
      <subfield code="d">1974-</subfield>
      <subfield code="4">aut</subfield>
    </datafield>
    <datafield ind1="1" ind2="0" tag="245">
      <subfield code="a">Nullzeit</subfield>
      <subfield code="b">Roman</subfield>
      <subfield code="c">Juli Zeh</subfield>
    </datafield>
    <datafield ind1=" " ind2=" " tag="250">
      <subfield code="a">2. Aufl.</subfield>
    </datafield>
    <datafield ind1=" " ind2=" " tag="259">
      <subfield code="a">12</subfield>
    </datafield>
    <datafield ind1="3" ind2=" " tag="260">
      <subfield code="a">Frankfurt, M.</subfield>
      <subfield code="b">Schöffling</subfield>
      <subfield code="c">2012</subfield>
    </datafield>
    <datafield ind1=" " ind2=" " tag="300">
      <subfield code="a">255 S.</subfield>
      <subfield code="c">22 cm</subfield>
    </datafield>
    <datafield ind1=" " ind2="7" tag="650">
      <subfield code="0">(DE-588)4128227-9</subfield>
      <subfield code="0">(DE-101)041282272</subfield>
      <subfield code="a">Insel</subfield>
      <subfield code="2">gnd</subfield>
    </datafield>
    <datafield ind1=" " ind2="7" tag="650">
      <subfield code="0">(DE-588)4070334-4</subfield>
      <subfield code="0">(DE-101)040703347</subfield>
      <subfield code="a">Deutsche</subfield>
      <subfield code="2">gnd</subfield>
    </datafield>
    <datafield ind1=" " ind2="7" tag="650">
      <subfield code="0">(DE-588)4150643-1</subfield>
      <subfield code="0">(DE-101)04150643X</subfield>
      <subfield code="a">Dreierbeziehung</subfield>
      <subfield code="2">gnd</subfield>
    </datafield>
    <datafield ind1=" " ind2="7" tag="651">
      <subfield code="0">(DE-588)4055964-6</subfield>
      <subfield code="0">(DE-101)040559645</subfield>
      <subfield code="a">Spanien</subfield>
      <subfield code="2">gnd</subfield>
    </datafield>
    <datafield ind1=" " ind2="7" tag="655">
      <subfield code="a">Belletristische Darstellung</subfield>
      <subfield code="2">gnd</subfield>
    </datafield>
    <datafield ind1=" " ind2="7" tag="655">
      <subfield code="0">(DE-101)1010008188</subfield>
      <subfield code="a">Erzählende Literatur: Gegenwartsliteratur ab 1945</subfield>
      <subfield code="2">gatbeg</subfield>
    </datafield>
    <datafield ind1="0" ind2="0" tag="689">
      <subfield code="0">(DE-588)4055964-6</subfield>
      <subfield code="0">(DE-101)040559645</subfield>
      <subfield code="D">g</subfield>
      <subfield code="a">Spanien</subfield>
    </datafield>
    <datafield ind1="0" ind2="1" tag="689">
      <subfield code="0">(DE-588)4128227-9</subfield>
      <subfield code="0">(DE-101)041282272</subfield>
      <subfield code="D">s</subfield>
      <subfield code="a">Insel</subfield>
    </datafield>
    <datafield ind1="0" ind2="2" tag="689">
      <subfield code="0">(DE-588)4070334-4</subfield>
      <subfield code="0">(DE-101)040703347</subfield>
      <subfield code="D">s</subfield>
      <subfield code="a">Deutsche</subfield>
    </datafield>
    <datafield ind1="0" ind2="3" tag="689">
      <subfield code="0">(DE-588)4150643-1</subfield>
      <subfield code="0">(DE-101)04150643X</subfield>
      <subfield code="D">s</subfield>
      <subfield code="a">Dreierbeziehung</subfield>
    </datafield>
    <datafield ind1="0" ind2="4" tag="689">
      <subfield code="A">f</subfield>
      <subfield code="a">Belletristische Darstellung</subfield>
    </datafield>
    <datafield ind1="0" ind2=" " tag="689">
      <subfield code="5">DE-101</subfield>
      <subfield code="5">DE-101</subfield>
    </datafield>
    <datafield ind1="0" ind2="8" tag="775">
      <subfield code="i">Online-Ausg.</subfield>
      <subfield code="a">Zeh, Juli</subfield>
      <subfield code="t">Nullzeit</subfield>
      <subfield code="w">(DE-101)1024772012</subfield>
    </datafield>
    <datafield ind1="4" ind2="2" tag="856">
      <subfield code="m">X:MVB</subfield>
      <subfield code="q">text/html</subfield>
      <subfield code="u">http://deposit.d-nb.de/cgi-bin/dokserv?id=4033915&amp;prov=M&amp;dok_var=1&amp;dok_ext=htm</subfield>
      <subfield code="3">Inhaltstext</subfield>
    </datafield>
    <datafield ind1="r" ind2=" " tag="925">
      <subfield code="a">ra</subfield>
    </datafield>
  </record>