
  <record>
    <leader>01461pam a2200373 c 4500</leader>
    <controlfield tag="001">1022859404</controlfield>
    <controlfield tag="003">DE-101</controlfield>
    <controlfield tag="005">20120829223119.0</controlfield>
    <controlfield tag="007">tu</controlfield>
    <controlfield tag="008">120530s2012    gw |||||r|||| 00||||ger  </controlfield>
    <datafield ind1=" " ind2=" " tag="015">
      <subfield code="a">12,A36</subfield>
      <subfield code="z">12,N24</subfield>
      <subfield code="2">dnb</subfield>
    </datafield>
    <datafield ind1="7" ind2=" " tag="016">
      <subfield code="2">DE-101</subfield>
      <subfield code="a">1022859404</subfield>
    </datafield>
    <datafield ind1=" " ind2=" " tag="020">
      <subfield code="a">9783865392916</subfield>
      <subfield code="c">Pp. : EUR 20.00 (DE), EUR 20.00 (AT), sfr 33.50 (freier Pr.)</subfield>
      <subfield code="9">978-3-86539-291-6</subfield>
    </datafield>
    <datafield ind1="3" ind2=" " tag="024">
      <subfield code="a">9783865392916</subfield>
    </datafield>
    <datafield ind1="5" ind2="2" tag="028">
      <subfield code="a">Best.-Nr.: 626-00400</subfield>
    </datafield>
    <datafield ind1=" " ind2=" " tag="035">
      <subfield code="a">(DE-599)DNB1022859404</subfield>
    </datafield>
    <datafield ind1=" " ind2=" " tag="035">
      <subfield code="a">(OCoLC)808414692</subfield>
    </datafield>
    <datafield ind1=" " ind2=" " tag="040">
      <subfield code="a">1245</subfield>
      <subfield code="b">ger</subfield>
      <subfield code="c">DE-101</subfield>
      <subfield code="d">9999</subfield>
      <subfield code="e">rakwb</subfield>
    </datafield>
    <datafield ind1=" " ind2=" " tag="041">
      <subfield code="a">ger</subfield>
      <subfield code="a">eng</subfield>
      <subfield code="h">eng</subfield>
    </datafield>
    <datafield ind1=" " ind2=" " tag="044">
      <subfield code="c">XA-DE-HE</subfield>
    </datafield>
    <datafield ind1="7" ind2="4" tag="082">
      <subfield code="a">820</subfield>
      <subfield code="a">B</subfield>
      <subfield code="q">DE-101</subfield>
      <subfield code="2">22sdnb</subfield>
    </datafield>
    <datafield ind1=" " ind2=" " tag="084">
      <subfield code="a">820</subfield>
      <subfield code="a">B</subfield>
      <subfield code="q">DE-101</subfield>
      <subfield code="2">sdnb</subfield>
    </datafield>
    <datafield ind1=" " ind2=" " tag="090">
      <subfield code="a">b</subfield>
    </datafield>
    <datafield ind1="1" ind2="0" tag="245">
      <subfield code="a">Beowulf</subfield>
      <subfield code="b">das angelsächsische Heldenepos ; neue Prosaübersetzung, Originaltext, versgetreue Stabreimfassung</subfield>
      <subfield code="c">übers., kommentiert und mit Anm. vers. von Hans-Jürgen Hube</subfield>
    </datafield>
    <datafield ind1=" " ind2=" " tag="250">
      <subfield code="a">Zweisprachige Ausg. Altengl.-Dt., 2. Aufl.</subfield>
    </datafield>
    <datafield ind1=" " ind2=" " tag="259">
      <subfield code="a">12</subfield>
    </datafield>
    <datafield ind1="3" ind2=" " tag="260">
      <subfield code="a">Wiesbaden</subfield>
      <subfield code="b">Marixverl.</subfield>
      <subfield code="c">2012</subfield>
    </datafield>
    <datafield ind1=" " ind2=" " tag="300">
      <subfield code="a">508 S.</subfield>
      <subfield code="c">22 cm</subfield>
    </datafield>
    <datafield ind1=" " ind2=" " tag="500">
      <subfield code="a">Literaturangaben</subfield>
    </datafield>
    <datafield ind1=" " ind2="7" tag="655">
      <subfield code="0">(DE-101)1010789759</subfield>
      <subfield code="a">Erzählende Literatur</subfield>
      <subfield code="2">gatbeg</subfield>
    </datafield>
    <datafield ind1="1" ind2=" " tag="700">
      <subfield code="0">(DE-588)104827939</subfield>
      <subfield code="0">(DE-101)104827939</subfield>
      <subfield code="a">Hube, Hans-Jürgen</subfield>
      <subfield code="d">1933-2011</subfield>
      <subfield code="4">edt</subfield>
      <subfield code="e">Hrsg.</subfield>
    </datafield>
    <datafield ind1="4" ind2="2" tag="856">
      <subfield code="m">B:DE-101</subfield>
      <subfield code="q">application/pdf</subfield>
      <subfield code="u">http://d-nb.info/1022859404/04</subfield>
      <subfield code="3">Inhaltsverzeichnis</subfield>
    </datafield>
    <datafield ind1="4" ind2="2" tag="856">
      <subfield code="m">X:MVB</subfield>
      <subfield code="q">text/html</subfield>
      <subfield code="u">http://deposit.d-nb.de/cgi-bin/dokserv?id=4048779&amp;prov=M&amp;dok_var=1&amp;dok_ext=htm</subfield>
      <subfield code="3">Inhaltstext</subfield>
    </datafield>
    <datafield ind1="r" ind2=" " tag="925">
      <subfield code="a">ra</subfield>
    </datafield>
  </record>