
  <record>
    <leader>02187pam a2200505 c 4500</leader>
    <controlfield tag="001">102654131X</controlfield>
    <controlfield tag="003">DE-101</controlfield>
    <controlfield tag="005">20130327190254.0</controlfield>
    <controlfield tag="007">tu</controlfield>
    <controlfield tag="008">121005s2013    gw |||||r|||| 00||||ger  </controlfield>
    <datafield ind1=" " ind2=" " tag="015">
      <subfield code="a">13,A12</subfield>
      <subfield code="z">12,N41</subfield>
      <subfield code="2">dnb</subfield>
    </datafield>
    <datafield ind1="7" ind2=" " tag="016">
      <subfield code="2">DE-101</subfield>
      <subfield code="a">102654131X</subfield>
    </datafield>
    <datafield ind1=" " ind2=" " tag="020">
      <subfield code="a">9783933891259</subfield>
      <subfield code="c">kart. : EUR 19.90 (DE), EUR 20.50 (AT)</subfield>
      <subfield code="9">978-3-933891-25-9</subfield>
    </datafield>
    <datafield ind1="3" ind2=" " tag="024">
      <subfield code="a">9783933891259</subfield>
    </datafield>
    <datafield ind1=" " ind2=" " tag="035">
      <subfield code="a">(DE-599)DNB102654131X</subfield>
    </datafield>
    <datafield ind1=" " ind2=" " tag="035">
      <subfield code="a">(OCoLC)830877776</subfield>
    </datafield>
    <datafield ind1=" " ind2=" " tag="040">
      <subfield code="a">1245</subfield>
      <subfield code="b">ger</subfield>
      <subfield code="c">DE-101</subfield>
      <subfield code="d">9999</subfield>
      <subfield code="e">rakwb</subfield>
    </datafield>
    <datafield ind1=" " ind2=" " tag="041">
      <subfield code="a">ger</subfield>
    </datafield>
    <datafield ind1=" " ind2=" " tag="044">
      <subfield code="c">XA-DE-BY</subfield>
    </datafield>
    <datafield ind1="0" ind2="4" tag="082">
      <subfield code="8">1\x</subfield>
      <subfield code="a">294.5382</subfield>
      <subfield code="q">DE-101</subfield>
      <subfield code="2">22/ger</subfield>
    </datafield>
    <datafield ind1="7" ind2=" " tag="083">
      <subfield code="a">290</subfield>
      <subfield code="a">150</subfield>
      <subfield code="a">230</subfield>
      <subfield code="q">DE-101</subfield>
      <subfield code="2">22sdnb</subfield>
    </datafield>
    <datafield ind1=" " ind2=" " tag="084">
      <subfield code="a">290</subfield>
      <subfield code="a">150</subfield>
      <subfield code="a">230</subfield>
      <subfield code="q">DE-101</subfield>
      <subfield code="2">sdnb</subfield>
    </datafield>
    <datafield ind1=" " ind2=" " tag="085">
      <subfield code="8">1\x</subfield>
      <subfield code="b">294.5</subfield>
    </datafield>
    <datafield ind1=" " ind2=" " tag="085">
      <subfield code="8">1\x</subfield>
      <subfield code="s">203.82</subfield>
    </datafield>
    <datafield ind1=" " ind2=" " tag="090">
      <subfield code="a">b</subfield>
    </datafield>
    <datafield ind1="1" ind2=" " tag="100">
      <subfield code="0">(DE-588)1031483322</subfield>
      <subfield code="0">(DE-101)1031483322</subfield>
      <subfield code="a">Högger, Rudolf</subfield>
      <subfield code="d">1940-</subfield>
      <subfield code="4">aut</subfield>
    </datafield>
    <datafield ind1="1" ind2="0" tag="245">
      <subfield code="a">Die heilige Schnur</subfield>
      <subfield code="b">vom Reifen der Persönlichkeit nach indischen Überlieferungen mit Parallelen aus der jüdisch-christlichen Tradition und der analytischen Psychologie</subfield>
      <subfield code="c">Rudolf Högger</subfield>
    </datafield>
    <datafield ind1="3" ind2=" " tag="260">
      <subfield code="a">Zell am Main</subfield>
      <subfield code="b">Religion-&amp;-Kultur-Verl.</subfield>
      <subfield code="c">2013</subfield>
    </datafield>
    <datafield ind1=" " ind2=" " tag="300">
      <subfield code="a">282 S.</subfield>
      <subfield code="b">Ill.</subfield>
      <subfield code="c">21 cm, 400 g</subfield>
    </datafield>
    <datafield ind1=" " ind2="7" tag="650">
      <subfield code="0">(DE-588)4490680-8</subfield>
      <subfield code="0">(DE-101)953038580</subfield>
      <subfield code="a">Upanayana</subfield>
      <subfield code="2">gnd</subfield>
    </datafield>
    <datafield ind1=" " ind2="7" tag="650">
      <subfield code="0">(DE-588)4075995-7</subfield>
      <subfield code="0">(DE-101)040759954</subfield>
      <subfield code="a">Persönlichkeitsentwicklung</subfield>
      <subfield code="2">gnd</subfield>
    </datafield>
    <datafield ind1=" " ind2="7" tag="650">
      <subfield code="0">(DE-588)4024955-4</subfield>
      <subfield code="0">(DE-101)040249557</subfield>
      <subfield code="a">Hinduismus</subfield>
      <subfield code="2">gnd</subfield>
    </datafield>
    <datafield ind1=" " ind2="7" tag="650">
      <subfield code="0">(DE-588)4114087-4</subfield>
      <subfield code="0">(DE-101)041140877</subfield>
      <subfield code="a">Judentum</subfield>
      <subfield code="2">gnd</subfield>
    </datafield>
    <datafield ind1=" " ind2="7" tag="650">
      <subfield code="0">(DE-588)4010074-1</subfield>
      <subfield code="0">(DE-101)04010074X</subfield>
      <subfield code="a">Christentum</subfield>
      <subfield code="2">gnd</subfield>
    </datafield>
    <datafield ind1=" " ind2="7" tag="650">
      <subfield code="0">(DE-588)4129506-7</subfield>
      <subfield code="0">(DE-101)041295064</subfield>
      <subfield code="a">Analytische Psychologie</subfield>
      <subfield code="2">gnd</subfield>
    </datafield>
    <datafield ind1="0" ind2="0" tag="689">
      <subfield code="0">(DE-588)4490680-8</subfield>
      <subfield code="0">(DE-101)953038580</subfield>
      <subfield code="D">s</subfield>
      <subfield code="a">Upanayana</subfield>
    </datafield>
    <datafield ind1="0" ind2=" " tag="689">
      <subfield code="5">DE-101</subfield>
      <subfield code="5">DE-101</subfield>
    </datafield>
    <datafield ind1="1" ind2="0" tag="689">
      <subfield code="0">(DE-588)4075995-7</subfield>
      <subfield code="0">(DE-101)040759954</subfield>
      <subfield code="D">s</subfield>
      <subfield code="a">Persönlichkeitsentwicklung</subfield>
    </datafield>
    <datafield ind1="1" ind2="1" tag="689">
      <subfield code="0">(DE-588)4024955-4</subfield>
      <subfield code="0">(DE-101)040249557</subfield>
      <subfield code="D">s</subfield>
      <subfield code="a">Hinduismus</subfield>
    </datafield>
    <datafield ind1="1" ind2="2" tag="689">
      <subfield code="0">(DE-588)4114087-4</subfield>
      <subfield code="0">(DE-101)041140877</subfield>
      <subfield code="D">s</subfield>
      <subfield code="a">Judentum</subfield>
    </datafield>
    <datafield ind1="1" ind2="3" tag="689">
      <subfield code="0">(DE-588)4010074-1</subfield>
      <subfield code="0">(DE-101)04010074X</subfield>
      <subfield code="D">s</subfield>
      <subfield code="a">Christentum</subfield>
    </datafield>
    <datafield ind1="1" ind2="4" tag="689">
      <subfield code="0">(DE-588)4129506-7</subfield>
      <subfield code="0">(DE-101)041295064</subfield>
      <subfield code="D">s</subfield>
      <subfield code="a">Analytische Psychologie</subfield>
    </datafield>
    <datafield ind1="1" ind2=" " tag="689">
      <subfield code="5">DE-101</subfield>
      <subfield code="5">DE-101</subfield>
    </datafield>
    <datafield ind1="4" ind2="2" tag="856">
      <subfield code="m">B:DE-101</subfield>
      <subfield code="q">application/pdf</subfield>
      <subfield code="u">http://d-nb.info/102654131X/04</subfield>
      <subfield code="3">Inhaltsverzeichnis</subfield>
    </datafield>
    <datafield ind1="r" ind2=" " tag="925">
      <subfield code="a">ra</subfield>
    </datafield>
  </record>