
  <record>
    <leader>00928nam a2200289 c 4500</leader>
    <controlfield tag="001">1033140996</controlfield>
    <controlfield tag="003">DE-101</controlfield>
    <controlfield tag="005">20130417190640.0</controlfield>
    <controlfield tag="007">tu</controlfield>
    <controlfield tag="008">130403s2013    gw |||||r|||| 00||||ger  </controlfield>
    <datafield ind1=" " ind2=" " tag="015">
      <subfield code="a">13,A15</subfield>
      <subfield code="2">dnb</subfield>
    </datafield>
    <datafield ind1="7" ind2=" " tag="016">
      <subfield code="2">DE-101</subfield>
      <subfield code="a">1033140996</subfield>
    </datafield>
    <datafield ind1=" " ind2=" " tag="020">
      <subfield code="c">geh. : EUR 3.20 (DE), EUR 3.60 (AT), sfr 6.20</subfield>
    </datafield>
    <datafield ind1=" " ind2=" " tag="035">
      <subfield code="a">(DE-599)DNB1033140996</subfield>
    </datafield>
    <datafield ind1=" " ind2=" " tag="035">
      <subfield code="a">(OCoLC)838619523</subfield>
    </datafield>
    <datafield ind1=" " ind2=" " tag="040">
      <subfield code="a">1239</subfield>
      <subfield code="b">ger</subfield>
      <subfield code="c">DE-101</subfield>
      <subfield code="d">9999</subfield>
      <subfield code="e">rakwb</subfield>
    </datafield>
    <datafield ind1=" " ind2=" " tag="041">
      <subfield code="a">ger</subfield>
    </datafield>
    <datafield ind1=" " ind2=" " tag="044">
      <subfield code="c">XA-DE</subfield>
    </datafield>
    <datafield ind1="7" ind2="4" tag="082">
      <subfield code="a">K</subfield>
      <subfield code="q">DE-101</subfield>
      <subfield code="2">23sdnb</subfield>
    </datafield>
    <datafield ind1=" " ind2=" " tag="084">
      <subfield code="a">K</subfield>
      <subfield code="q">DE-101</subfield>
      <subfield code="2">sdnb</subfield>
    </datafield>
    <datafield ind1=" " ind2=" " tag="090">
      <subfield code="a">b</subfield>
    </datafield>
    <datafield ind1="1" ind2="0" tag="245">
      <subfield code="a">Die Croods</subfield>
      <subfield code="b">das Magazin zum Film</subfield>
      <subfield code="c">DreamWorks. [Red.: Benjamin Beck ; Jürgen Zahn]</subfield>
    </datafield>
    <datafield ind1="3" ind2=" " tag="260">
      <subfield code="a">Stuttgart</subfield>
      <subfield code="b">Panini</subfield>
      <subfield code="c">2013</subfield>
    </datafield>
    <datafield ind1=" " ind2=" " tag="300">
      <subfield code="a">34 S.</subfield>
      <subfield code="b">überw. Ill.</subfield>
      <subfield code="c">28 cm</subfield>
      <subfield code="e"> 1 Riesenkeule zum Aufblasen</subfield>
    </datafield>
    <datafield ind1=" " ind2="7" tag="655">
      <subfield code="0">(DE-101)1010682288</subfield>
      <subfield code="a">Religiöse Bilderbücher</subfield>
      <subfield code="2">gatbeg</subfield>
    </datafield>
    <datafield ind1="2" ind2=" " tag="710">
      <subfield code="0">(DE-588)10097168-4</subfield>
      <subfield code="0">(DE-101)973869380</subfield>
      <subfield code="a">Dream Works Animation SKG Inc.</subfield>
    </datafield>
    <datafield ind1="r" ind2=" " tag="925">
      <subfield code="a">ra</subfield>
    </datafield>
  </record>