
  <record>
    <leader>01089nas a2200313 c 4500</leader>
    <controlfield tag="001">010101349</controlfield>
    <controlfield tag="003">DE-101</controlfield>
    <controlfield tag="005">20090915215715.0</controlfield>
    <controlfield tag="007">tu</controlfield>
    <controlfield tag="008">991118d19601962gw u||p|r ||| 0||||0ger c</controlfield>
    <datafield ind1=" " ind2=" " tag="015">
      <subfield code="a">04,F01</subfield>
      <subfield code="2">dnb</subfield>
    </datafield>
    <datafield ind1="7" ind2=" " tag="016">
      <subfield code="2">DE-101</subfield>
      <subfield code="a">010101349</subfield>
    </datafield>
    <datafield ind1="7" ind2=" " tag="016">
      <subfield code="2">DE-600</subfield>
      <subfield code="a">960595-2</subfield>
    </datafield>
    <datafield ind1=" " ind2=" " tag="035">
      <subfield code="a">(DE-599)ZDB960595-2</subfield>
    </datafield>
    <datafield ind1=" " ind2=" " tag="035">
      <subfield code="a">(OCoLC)183417525</subfield>
    </datafield>
    <datafield ind1=" " ind2=" " tag="040">
      <subfield code="a">9001</subfield>
      <subfield code="b">ger</subfield>
      <subfield code="c">DE-101</subfield>
      <subfield code="d">9999</subfield>
    </datafield>
    <datafield ind1=" " ind2=" " tag="041">
      <subfield code="a">ger</subfield>
    </datafield>
    <datafield ind1=" " ind2=" " tag="044">
      <subfield code="c">XA-DE</subfield>
    </datafield>
    <datafield ind1="7" ind2="4" tag="082">
      <subfield code="a">050</subfield>
      <subfield code="q">DE-101</subfield>
      <subfield code="2">22sdnb</subfield>
    </datafield>
    <datafield ind1="7" ind2=" " tag="083">
      <subfield code="a">330</subfield>
      <subfield code="q">DE-600</subfield>
      <subfield code="2">22sdnb</subfield>
    </datafield>
    <datafield ind1=" " ind2=" " tag="084">
      <subfield code="a">050</subfield>
      <subfield code="q">DE-101</subfield>
      <subfield code="2">sdnb</subfield>
    </datafield>
    <datafield ind1=" " ind2=" " tag="084">
      <subfield code="a">330</subfield>
      <subfield code="q">DE-600</subfield>
      <subfield code="2">sdnb</subfield>
    </datafield>
    <datafield ind1="1" ind2="0" tag="245">
      <subfield code="a">Die Deutschen Aktiengesellschaften</subfield>
      <subfield code="b">unnotierte Werte</subfield>
    </datafield>
    <datafield ind1="3" ind2=" " tag="260">
      <subfield code="a">Darmstadt</subfield>
      <subfield code="b">Hoppenstedt</subfield>
    </datafield>
    <datafield ind1="0" ind2=" " tag="362">
      <subfield code="a">1960/61 - 1961/62</subfield>
    </datafield>
    <datafield ind1="0" ind2="8" tag="772">
      <subfield code="i">Erg. Bd. zu</subfield>
      <subfield code="t">Das Spezial-Archiv der deutschen Wirtschaft</subfield>
      <subfield code="w">(DE-600)998481-1</subfield>
      <subfield code="w">(DE-101)015322068</subfield>
    </datafield>
    <datafield ind1="0" ind2="0" tag="780">
      <subfield code="i">Vorg.:</subfield>
      <subfield code="t">Das Spezial-Archiv der deutschen Wirtschaft / Ergänzungsband</subfield>
      <subfield code="w">(DE-600)960593-9</subfield>
      <subfield code="w">(DE-101)010101322</subfield>
    </datafield>
    <datafield ind1="0" ind2="0" tag="785">
      <subfield code="i">Forts.:</subfield>
      <subfield code="t">Die nicht notierten deutschen Aktiengesellschaften</subfield>
      <subfield code="w">(DE-600)184314-x</subfield>
      <subfield code="w">(DE-101)011000848</subfield>
    </datafield>
    <datafield ind1=" " ind2=" " tag="889">
      <subfield code="w">(DE-101)979756197</subfield>
    </datafield>
  </record>