
  <record>
    <leader>01092nas a2200277 c 4500</leader>
    <controlfield tag="001">011134607</controlfield>
    <controlfield tag="003">DE-101</controlfield>
    <controlfield tag="005">20100309023920.0</controlfield>
    <controlfield tag="007">tu</controlfield>
    <controlfield tag="008">991118d19541958sz u||p|r ||| 0||||0||| c</controlfield>
    <datafield ind1="7" ind2=" " tag="016">
      <subfield code="2">DE-101</subfield>
      <subfield code="a">011134607</subfield>
    </datafield>
    <datafield ind1="7" ind2=" " tag="016">
      <subfield code="2">DE-600</subfield>
      <subfield code="a">200127-5</subfield>
    </datafield>
    <datafield ind1=" " ind2=" " tag="022">
      <subfield code="a">0513-9031</subfield>
    </datafield>
    <datafield ind1=" " ind2=" " tag="035">
      <subfield code="a">(DE-599)ZDB200127-5</subfield>
    </datafield>
    <datafield ind1=" " ind2=" " tag="035">
      <subfield code="a">(OCoLC)183316342</subfield>
    </datafield>
    <datafield ind1=" " ind2=" " tag="040">
      <subfield code="a">9001</subfield>
      <subfield code="b">ger</subfield>
      <subfield code="c">DE-101</subfield>
      <subfield code="d">9999</subfield>
    </datafield>
    <datafield ind1=" " ind2=" " tag="044">
      <subfield code="c">XA-CH</subfield>
      <subfield code="c">XA-DE</subfield>
    </datafield>
    <datafield ind1="7" ind2="4" tag="082">
      <subfield code="a">150</subfield>
      <subfield code="a">610</subfield>
      <subfield code="q">DE-600</subfield>
      <subfield code="2">22sdnb</subfield>
    </datafield>
    <datafield ind1=" " ind2=" " tag="084">
      <subfield code="a">150</subfield>
      <subfield code="a">610</subfield>
      <subfield code="q">DE-600</subfield>
      <subfield code="2">sdnb</subfield>
    </datafield>
    <datafield ind1="1" ind2="0" tag="245">
      <subfield code="a">Zeitschrift für diagnostische Psychologie und Persönlichkeitsforschung</subfield>
      <subfield code="b">= Revue de psychologie diagnostique et d'étude de la personnalité = Review of diagnostic psychology and personality exploration</subfield>
    </datafield>
    <datafield ind1="3" ind2=" " tag="260">
      <subfield code="a">Bern</subfield>
      <subfield code="a">Stuttgart</subfield>
      <subfield code="b">Huber</subfield>
    </datafield>
    <datafield ind1="0" ind2=" " tag="362">
      <subfield code="a">2.1954 - 6.1958,4</subfield>
    </datafield>
    <datafield ind1=" " ind2=" " tag="500">
      <subfield code="a">Repr.: Würzburg : Jal-Verl</subfield>
    </datafield>
    <datafield ind1=" " ind2=" " tag="591">
      <subfield code="a">S/SC</subfield>
    </datafield>
    <datafield ind1="0" ind2="0" tag="780">
      <subfield code="i">Vorg.:</subfield>
      <subfield code="t">Rorschachiana aliarumque methodorum proiectione utentium acta</subfield>
      <subfield code="w">(DE-600)222513-x</subfield>
      <subfield code="w">(DE-101)01131527X</subfield>
    </datafield>
    <datafield ind1="0" ind2="0" tag="785">
      <subfield code="i">Aufgeg. in</subfield>
      <subfield code="t">Schweizerische Zeitschrift für Psychologie und ihre Anwendungen</subfield>
      <subfield code="w">(DE-600)200193-7</subfield>
      <subfield code="w">(DE-101)01113514X</subfield>
    </datafield>
  </record>