
  <record>
    <leader>00928nas a2200253 c 4500</leader>
    <controlfield tag="001">011134615</controlfield>
    <controlfield tag="003">DE-101</controlfield>
    <controlfield tag="005">20110314130245.0</controlfield>
    <controlfield tag="007">tu</controlfield>
    <controlfield tag="008">991118d19571958sz u||p|r ||| 0||||0ger c</controlfield>
    <datafield ind1="7" ind2=" " tag="016">
      <subfield code="2">DE-101</subfield>
      <subfield code="a">011134615</subfield>
    </datafield>
    <datafield ind1="7" ind2=" " tag="016">
      <subfield code="2">DE-600</subfield>
      <subfield code="a">200128-7</subfield>
    </datafield>
    <datafield ind1=" " ind2=" " tag="035">
      <subfield code="a">(DE-599)ZDB200128-7</subfield>
    </datafield>
    <datafield ind1=" " ind2=" " tag="035">
      <subfield code="a">(OCoLC)724416222</subfield>
    </datafield>
    <datafield ind1=" " ind2=" " tag="040">
      <subfield code="a">9001</subfield>
      <subfield code="b">ger</subfield>
      <subfield code="c">DE-101</subfield>
      <subfield code="d">9001</subfield>
    </datafield>
    <datafield ind1=" " ind2=" " tag="041">
      <subfield code="a">ger</subfield>
    </datafield>
    <datafield ind1=" " ind2=" " tag="044">
      <subfield code="c">XA-CH</subfield>
      <subfield code="c">XA-DE</subfield>
    </datafield>
    <datafield ind1="7" ind2="4" tag="082">
      <subfield code="a">150</subfield>
      <subfield code="a">610</subfield>
      <subfield code="q">DE-600</subfield>
      <subfield code="2">22sdnb</subfield>
    </datafield>
    <datafield ind1=" " ind2=" " tag="084">
      <subfield code="a">150</subfield>
      <subfield code="a">610</subfield>
      <subfield code="q">DE-600</subfield>
      <subfield code="2">sdnb</subfield>
    </datafield>
    <datafield ind1="1" ind2="0" tag="245">
      <subfield code="a">Zeitschrift für diagnostische Psychologie und Persönlichkeitsforschung</subfield>
      <subfield code="b">= Revue de psychologie diagnostique et d'étude de la personnalité = Review of diagnostic psychology and personality exploration</subfield>
      <subfield code="n">[...]</subfield>
      <subfield code="p">Beiheft</subfield>
    </datafield>
    <datafield ind1="1" ind2="9" tag="246">
      <subfield code="a">Zeitschrift für diagnostische Psychologie und Persönlichkeitsforschung / Beiheft</subfield>
    </datafield>
    <datafield ind1="3" ind2=" " tag="260">
      <subfield code="a">Bern</subfield>
      <subfield code="a">Stuttgart</subfield>
      <subfield code="b">Huber</subfield>
    </datafield>
    <datafield ind1="0" ind2=" " tag="362">
      <subfield code="a">1.1957 - 3.1958; damit Ersch. eingest.</subfield>
    </datafield>
    <datafield ind1=" " ind2=" " tag="930">
      <subfield code="a">Beiheft</subfield>
    </datafield>
  </record>