
  <record>
    <leader>00916nam a2200313 c 4500</leader>
    <controlfield tag="001">203588436</controlfield>
    <controlfield tag="003">DE-101</controlfield>
    <controlfield tag="005">20110531211723.0</controlfield>
    <controlfield tag="007">tu</controlfield>
    <controlfield tag="008">941201s1982    gw |||||r|||| 00||||ger  </controlfield>
    <datafield ind1=" " ind2=" " tag="015">
      <subfield code="a">3683a</subfield>
      <subfield code="2">dnb</subfield>
    </datafield>
    <datafield ind1="7" ind2=" " tag="016">
      <subfield code="2">DE-101</subfield>
      <subfield code="a">203588436</subfield>
    </datafield>
    <datafield ind1=" " ind2=" " tag="020">
      <subfield code="a">3888320097</subfield>
      <subfield code="c">DM 6.80</subfield>
      <subfield code="9">3-88832-009-7</subfield>
    </datafield>
    <datafield ind1=" " ind2=" " tag="035">
      <subfield code="a">(DE-599)DNB203588436</subfield>
    </datafield>
    <datafield ind1=" " ind2=" " tag="035">
      <subfield code="a">(OCoLC)718727870</subfield>
    </datafield>
    <datafield ind1=" " ind2=" " tag="040">
      <subfield code="a">1100</subfield>
      <subfield code="b">ger</subfield>
      <subfield code="c">DE-101</subfield>
      <subfield code="d">9999</subfield>
    </datafield>
    <datafield ind1=" " ind2=" " tag="041">
      <subfield code="a">ger</subfield>
    </datafield>
    <datafield ind1=" " ind2=" " tag="044">
      <subfield code="c">DE</subfield>
    </datafield>
    <datafield ind1="7" ind2="4" tag="082">
      <subfield code="q">DE-101</subfield>
      <subfield code="2">22sdnb</subfield>
    </datafield>
    <datafield ind1=" " ind2=" " tag="084">
      <subfield code="a">2303</subfield>
      <subfield code="a">B</subfield>
      <subfield code="q">DE-101</subfield>
      <subfield code="2">sdnb</subfield>
    </datafield>
    <datafield ind1="1" ind2=" " tag="100">
      <subfield code="a">Dumas, Alexandre</subfield>
      <subfield code="c">père</subfield>
      <subfield code="4">aut</subfield>
    </datafield>
    <datafield ind1="1" ind2="0" tag="245">
      <subfield code="a">Die drei Musketiere</subfield>
      <subfield code="b">Roman</subfield>
      <subfield code="c">Alexander Dumas. [Übers. von Carl Peter Ranhof. Neu bearb. von Dietmar Spanke]</subfield>
    </datafield>
    <datafield ind1="3" ind2=" " tag="260">
      <subfield code="a">Hamburg</subfield>
      <subfield code="b">Kelter</subfield>
      <subfield code="c">1982, 1982</subfield>
    </datafield>
    <datafield ind1=" " ind2=" " tag="300">
      <subfield code="a">333 S.</subfield>
      <subfield code="c">19 cm</subfield>
    </datafield>
    <datafield ind1="1" ind2=" " tag="490">
      <subfield code="a">Kelter-Buch</subfield>
      <subfield code="v">10</subfield>
    </datafield>
    <datafield ind1="1" ind2=" " tag="700">
      <subfield code="a">Spanke, Dietmar</subfield>
      <subfield code="4">edt</subfield>
      <subfield code="e">Bearb.</subfield>
    </datafield>
    <datafield ind1="0" ind2=" " tag="730">
      <subfield code="a">Les trois mousquetaires</subfield>
      <subfield code="g">dt.</subfield>
    </datafield>
    <datafield ind1=" " ind2="0" tag="830">
      <subfield code="a">Kelter-Buch</subfield>
      <subfield code="v">10</subfield>
    </datafield>
    <datafield ind1="r" ind2=" " tag="925">
      <subfield code="a">ra</subfield>
    </datafield>
  </record>