
  <record>
    <leader>00939nam a2200265 ca4500</leader>
    <controlfield tag="001">210597771</controlfield>
    <controlfield tag="003">DE-101</controlfield>
    <controlfield tag="005">20121029001613.0</controlfield>
    <controlfield tag="007">tu</controlfield>
    <controlfield tag="008">941230s        gw |||||r|||| 00|||||||  </controlfield>
    <datafield ind1=" " ind2=" " tag="015">
      <subfield code="a">1389b</subfield>
      <subfield code="2">dnb</subfield>
    </datafield>
    <datafield ind1="7" ind2=" " tag="016">
      <subfield code="2">DE-101</subfield>
      <subfield code="a">210597771</subfield>
    </datafield>
    <datafield ind1=" " ind2=" " tag="035">
      <subfield code="a">(DE-599)DNB210597771</subfield>
    </datafield>
    <datafield ind1=" " ind2=" " tag="035">
      <subfield code="a">(OCoLC)643031377</subfield>
    </datafield>
    <datafield ind1=" " ind2=" " tag="040">
      <subfield code="a">1100</subfield>
      <subfield code="b">ger</subfield>
      <subfield code="c">DE-101</subfield>
      <subfield code="d">9999</subfield>
    </datafield>
    <datafield ind1=" " ind2=" " tag="044">
      <subfield code="c">DE</subfield>
    </datafield>
    <datafield ind1="7" ind2="4" tag="082">
      <subfield code="q">DE-101</subfield>
      <subfield code="2">22sdnb</subfield>
    </datafield>
    <datafield ind1=" " ind2=" " tag="084">
      <subfield code="a">2600</subfield>
      <subfield code="q">DE-101</subfield>
      <subfield code="2">sdnb</subfield>
    </datafield>
    <datafield ind1="1" ind2="0" tag="245">
      <subfield code="a">Persönlichkeit und Problemlösen</subfield>
      <subfield code="b">Charakteristika d. Verhaltens in komplexen Problemsituationen u. Möglichkeiten d. Prognose aufgrund von persönlichkeitsspezif. Faktoren</subfield>
      <subfield code="c">Lehrstuhl Psychologie II, Univ. Bamberg</subfield>
    </datafield>
    <datafield ind1="3" ind2=" " tag="260">
      <subfield code="a">Bamberg</subfield>
      <subfield code="b">[s.n.]</subfield>
    </datafield>
    <datafield ind1="1" ind2=" " tag="490">
      <subfield code="a">Memorandum / Lehrstuhl Psychologie II, Universität Bamberg</subfield>
      <subfield code="v">...</subfield>
    </datafield>
    <datafield ind1="1" ind2=" " tag="700">
      <subfield code="a">Badke-Schaub, Petra</subfield>
      <subfield code="4">cre</subfield>
    </datafield>
    <datafield ind1="2" ind2=" " tag="710">
      <subfield code="a">Universität</subfield>
    </datafield>
    <datafield ind1=" " ind2="0" tag="830">
      <subfield code="a">Universität &lt;Bamberg&gt; / Lehrstuhl Psychologie &lt;2&gt; : Memorandum</subfield>
    </datafield>
    <datafield ind1="r" ind2=" " tag="925">
      <subfield code="a">rb</subfield>
    </datafield>
  </record>