
  <record>
    <leader>01031nam a2200265 c 4500</leader>
    <controlfield tag="001">210962054</controlfield>
    <controlfield tag="003">DE-101</controlfield>
    <controlfield tag="005">20110523130051.0</controlfield>
    <controlfield tag="007">tu</controlfield>
    <controlfield tag="008">941231s1988    xx |||||r|||| 10||||ger  </controlfield>
    <datafield ind1=" " ind2=" " tag="015">
      <subfield code="a">2390b</subfield>
      <subfield code="2">dnb</subfield>
    </datafield>
    <datafield ind1="7" ind2=" " tag="016">
      <subfield code="2">DE-101</subfield>
      <subfield code="a">210962054</subfield>
    </datafield>
    <datafield ind1=" " ind2=" " tag="035">
      <subfield code="a">(DE-599)DNB210962054</subfield>
    </datafield>
    <datafield ind1=" " ind2=" " tag="035">
      <subfield code="a">(OCoLC)718962159</subfield>
    </datafield>
    <datafield ind1=" " ind2=" " tag="040">
      <subfield code="a">1100</subfield>
      <subfield code="b">ger</subfield>
      <subfield code="c">DE-101</subfield>
      <subfield code="d">1160</subfield>
    </datafield>
    <datafield ind1=" " ind2=" " tag="041">
      <subfield code="a">ger</subfield>
    </datafield>
    <datafield ind1=" " ind2=" " tag="044">
      <subfield code="c">XA-DDDE</subfield>
    </datafield>
    <datafield ind1="7" ind2="4" tag="082">
      <subfield code="q">DE-101</subfield>
      <subfield code="2">22sdnb</subfield>
    </datafield>
    <datafield ind1=" " ind2=" " tag="084">
      <subfield code="a">2600</subfield>
      <subfield code="a">100</subfield>
      <subfield code="a">130</subfield>
      <subfield code="a">150</subfield>
      <subfield code="q">DE-101</subfield>
      <subfield code="2">sdnb</subfield>
    </datafield>
    <datafield ind1="1" ind2="0" tag="245">
      <subfield code="a">Zur psychischen Entwicklung der Persönlichkeit im Kindes- und Jugendalter</subfield>
      <subfield code="b">theoret. u. methodolog. Probleme u. Ergebnisse etappenorientierter Forschungsstrategien ; Beitr. e. Symposiums mit internat. Beteiligung vom 10.5. - 13.5.1988 in Neubrandenburg</subfield>
      <subfield code="c">hrsg. von Harald Pätzold u. Karen Funke im Auftr. d. Ges. für Psychologie d. DDR</subfield>
    </datafield>
    <datafield ind1="3" ind2=" " tag="260">
      <subfield code="a">Berlin</subfield>
      <subfield code="b">Ges. für Psychologie d. DDR</subfield>
      <subfield code="c">1988, 1988</subfield>
    </datafield>
    <datafield ind1=" " ind2=" " tag="300">
      <subfield code="a">120 S.</subfield>
      <subfield code="b">Ill., graph. Darst.</subfield>
      <subfield code="c">21 cm</subfield>
    </datafield>
    <datafield ind1=" " ind2=" " tag="500">
      <subfield code="a">Literaturangaben</subfield>
    </datafield>
    <datafield ind1="1" ind2=" " tag="700">
      <subfield code="a">Pätzold, Harald</subfield>
      <subfield code="4">edt</subfield>
      <subfield code="e">Hrsg.</subfield>
    </datafield>
    <datafield ind1="r" ind2=" " tag="925">
      <subfield code="a">rb</subfield>
    </datafield>
  </record>