
  <record>
    <leader>01107nam a2200325 c 4500</leader>
    <controlfield tag="001">211383929</controlfield>
    <controlfield tag="003">DE-101</controlfield>
    <controlfield tag="005">20071222165934.0</controlfield>
    <controlfield tag="007">tu</controlfield>
    <controlfield tag="008">950102s1983    xx |||||rm||| 00||||ger  </controlfield>
    <datafield ind1=" " ind2=" " tag="015">
      <subfield code="a">1284c</subfield>
      <subfield code="2">dnb</subfield>
    </datafield>
    <datafield ind1="7" ind2=" " tag="016">
      <subfield code="2">DE-101</subfield>
      <subfield code="a">211383929</subfield>
    </datafield>
    <datafield ind1=" " ind2=" " tag="035">
      <subfield code="a">(DE-599)DNB211383929</subfield>
    </datafield>
    <datafield ind1=" " ind2=" " tag="035">
      <subfield code="a">(OCoLC)718996726</subfield>
    </datafield>
    <datafield ind1=" " ind2=" " tag="040">
      <subfield code="a">1100</subfield>
      <subfield code="b">ger</subfield>
      <subfield code="c">DE-101</subfield>
      <subfield code="d">9999</subfield>
    </datafield>
    <datafield ind1=" " ind2=" " tag="041">
      <subfield code="a">ger</subfield>
    </datafield>
    <datafield ind1=" " ind2=" " tag="044">
      <subfield code="c">DDDE</subfield>
    </datafield>
    <datafield ind1="7" ind2="4" tag="082">
      <subfield code="q">DE-101</subfield>
      <subfield code="2">22sdnb</subfield>
    </datafield>
    <datafield ind1=" " ind2=" " tag="084">
      <subfield code="a">2600</subfield>
      <subfield code="a">100</subfield>
      <subfield code="a">130</subfield>
      <subfield code="a">150</subfield>
      <subfield code="q">DE-101</subfield>
      <subfield code="2">sdnb</subfield>
    </datafield>
    <datafield ind1="1" ind2=" " tag="100">
      <subfield code="a">Seikowski, Kurt</subfield>
      <subfield code="4">aut</subfield>
    </datafield>
    <datafield ind1="1" ind2="0" tag="245">
      <subfield code="a">Zur Analyse funktionaler Aspekte von kognitiven Umwelt- und Selbstkonzeptbesonderheiten der Persönlichkeit</subfield>
      <subfield code="c">vorgelegt von Kurt Seikowski</subfield>
    </datafield>
    <datafield ind1="3" ind2=" " tag="260">
      <subfield code="c">1983, 1983</subfield>
    </datafield>
    <datafield ind1=" " ind2=" " tag="300">
      <subfield code="a">110, 7 Bl., Anh</subfield>
      <subfield code="b">graph. Darst.</subfield>
      <subfield code="c">30 cm</subfield>
    </datafield>
    <datafield ind1=" " ind2=" " tag="500">
      <subfield code="a">Nicht für den Austausch</subfield>
    </datafield>
    <datafield ind1=" " ind2=" " tag="502">
      <subfield code="a">Leipzig, Univ., Sekt. Psychologie, Diss. A, 1983.</subfield>
    </datafield>
    <datafield ind1=" " ind2="7" tag="650">
      <subfield code="2">local</subfield>
      <subfield code="a">Selbstkonzept</subfield>
      <subfield code="x">kognitive Umwelt- u.  ̃besonderheiten</subfield>
    </datafield>
    <datafield ind1=" " ind2="7" tag="650">
      <subfield code="2">local</subfield>
      <subfield code="a">Persönlichkeit</subfield>
      <subfield code="x">kognitive Umwelt- u. Selbstkonzeptbesonderheiten</subfield>
    </datafield>
    <datafield ind1=" " ind2="7" tag="650">
      <subfield code="2">local</subfield>
      <subfield code="a">Handlung (Verhaltensweise)</subfield>
    </datafield>
    <datafield ind1=" " ind2="7" tag="650">
      <subfield code="2">local</subfield>
      <subfield code="a">Kognition</subfield>
    </datafield>
    <datafield ind1="r" ind2=" " tag="925">
      <subfield code="a">rh</subfield>
    </datafield>
  </record>