
  <record>
    <leader>00988nam a2200289 c 4500</leader>
    <controlfield tag="001">212055712</controlfield>
    <controlfield tag="003">DE-101</controlfield>
    <controlfield tag="005">20071222172117.0</controlfield>
    <controlfield tag="007">tu</controlfield>
    <controlfield tag="008">950105s1983    gw |||||rm||| 00||||ger  </controlfield>
    <datafield ind1=" " ind2=" " tag="015">
      <subfield code="a">0387c</subfield>
      <subfield code="2">dnb</subfield>
    </datafield>
    <datafield ind1="7" ind2=" " tag="016">
      <subfield code="2">DE-101</subfield>
      <subfield code="a">212055712</subfield>
    </datafield>
    <datafield ind1=" " ind2=" " tag="035">
      <subfield code="a">(DE-599)DNB212055712</subfield>
    </datafield>
    <datafield ind1=" " ind2=" " tag="035">
      <subfield code="a">(OCoLC)256143520</subfield>
    </datafield>
    <datafield ind1=" " ind2=" " tag="040">
      <subfield code="a">1100</subfield>
      <subfield code="b">ger</subfield>
      <subfield code="c">DE-101</subfield>
      <subfield code="d">9999</subfield>
    </datafield>
    <datafield ind1=" " ind2=" " tag="041">
      <subfield code="a">ger</subfield>
    </datafield>
    <datafield ind1=" " ind2=" " tag="044">
      <subfield code="c">DE</subfield>
    </datafield>
    <datafield ind1="7" ind2="4" tag="082">
      <subfield code="q">DE-101</subfield>
      <subfield code="2">22sdnb</subfield>
    </datafield>
    <datafield ind1=" " ind2=" " tag="084">
      <subfield code="a">1600</subfield>
      <subfield code="a">300</subfield>
      <subfield code="a">310</subfield>
      <subfield code="a">360</subfield>
      <subfield code="q">DE-101</subfield>
      <subfield code="2">sdnb</subfield>
    </datafield>
    <datafield ind1="1" ind2=" " tag="100">
      <subfield code="a">Boeckh, Albrecht</subfield>
      <subfield code="4">aut</subfield>
    </datafield>
    <datafield ind1="1" ind2="0" tag="245">
      <subfield code="a">Bauern und Staat in Mexiko</subfield>
      <subfield code="b">Untersuchungen zur Organisation d. Subsistenz u. zur Reproduktion d. kapitalist. Systems im Grenzbereich zwischen warenförmiger u. Werte-vermittelter Vergesellschaftung</subfield>
      <subfield code="c">von Albrecht Boeckh</subfield>
    </datafield>
    <datafield ind1="3" ind2=" " tag="260">
      <subfield code="c">1983, 1983</subfield>
    </datafield>
    <datafield ind1=" " ind2=" " tag="300">
      <subfield code="a">430 S.</subfield>
      <subfield code="c">21 cm</subfield>
    </datafield>
    <datafield ind1=" " ind2=" " tag="502">
      <subfield code="a">Bielefeld, Univ., Fak. für Soziologie, Diss. A, 1983.</subfield>
    </datafield>
    <datafield ind1=" " ind2="7" tag="650">
      <subfield code="2">local</subfield>
      <subfield code="a">Mexiko</subfield>
      <subfield code="x">staatl. Agrarpolitik</subfield>
    </datafield>
    <datafield ind1=" " ind2="7" tag="650">
      <subfield code="2">local</subfield>
      <subfield code="a">Agrarpolitik</subfield>
      <subfield code="x">staatl.  ̃ in Mexiko</subfield>
    </datafield>
    <datafield ind1="r" ind2=" " tag="925">
      <subfield code="a">rh</subfield>
    </datafield>
  </record>