
  <record>
    <leader>01262ncm a2200301 c 4500</leader>
    <controlfield tag="001">350426732</controlfield>
    <controlfield tag="003">DE-101</controlfield>
    <controlfield tag="005">20100723120225.0</controlfield>
    <controlfield tag="007">q|</controlfield>
    <controlfield tag="008">890824s1988    au |||||r|||||||||||ger  </controlfield>
    <datafield ind1=" " ind2=" " tag="015">
      <subfield code="a">89,M12,0303</subfield>
      <subfield code="2">dnb</subfield>
    </datafield>
    <datafield ind1="7" ind2=" " tag="016">
      <subfield code="2">DE-101</subfield>
      <subfield code="a">350426732</subfield>
    </datafield>
    <datafield ind1="7" ind2=" " tag="016">
      <subfield code="2">DE-101c</subfield>
      <subfield code="a">504240000</subfield>
    </datafield>
    <datafield ind1=" " ind2=" " tag="035">
      <subfield code="a">(DE-599)DNB350426732</subfield>
    </datafield>
    <datafield ind1=" " ind2=" " tag="035">
      <subfield code="a">(OCoLC)724398636</subfield>
    </datafield>
    <datafield ind1=" " ind2=" " tag="040">
      <subfield code="a">1300</subfield>
      <subfield code="b">ger</subfield>
      <subfield code="c">DE-101</subfield>
      <subfield code="d">1140</subfield>
    </datafield>
    <datafield ind1=" " ind2=" " tag="041">
      <subfield code="a">ger</subfield>
    </datafield>
    <datafield ind1=" " ind2=" " tag="044">
      <subfield code="c">XA-AT</subfield>
    </datafield>
    <datafield ind1="7" ind2="4" tag="082">
      <subfield code="q">DE-101</subfield>
      <subfield code="2">22sdnb</subfield>
    </datafield>
    <datafield ind1=" " ind2=" " tag="084">
      <subfield code="a">10a</subfield>
      <subfield code="q">DE-101</subfield>
      <subfield code="2">sdnb</subfield>
    </datafield>
    <datafield ind1="1" ind2=" " tag="100">
      <subfield code="0">(DE-588)134324994</subfield>
      <subfield code="0">(DE-101)134324994</subfield>
      <subfield code="a">Behrle, Günther</subfield>
      <subfield code="4">aut</subfield>
    </datafield>
    <datafield ind1="1" ind2="0" tag="245">
      <subfield code="a">Original-Naabtal-Duo</subfield>
      <subfield code="c">[Text u. Musik: Günther Behrle. Bearb.: Rudolf Kappler]</subfield>
    </datafield>
    <datafield ind1="3" ind2=" " tag="260">
      <subfield code="a">Wien</subfield>
      <subfield code="b">Euro Music</subfield>
      <subfield code="c">1988, c 1988</subfield>
    </datafield>
    <datafield ind1=" " ind2=" " tag="300">
      <subfield code="a">[27] S.</subfield>
      <subfield code="c">30 cm</subfield>
    </datafield>
    <datafield ind1=" " ind2=" " tag="500">
      <subfield code="a">Für Klavier mit Bezifferung u. unterlegtem Text. - Einspielungshinweis: aufgenommen auf VM Records 16111.</subfield>
    </datafield>
    <datafield ind1="8" ind2=" " tag="505">
      <subfield code="a">Enth.: Des, wenn mein Vater noch erlebt hätt'. Mit Tränen in den Aug'n. Lichter überm See. So wie am ersten Hochzeitstag. Vertrau' dem Herrn die Sorgen an. Draussen vor der Tür. Wenn i di kriegt hätt'. Patrona bavariae.</subfield>
    </datafield>
    <datafield ind1="1" ind2=" " tag="700">
      <subfield code="0">(DE-588)134422511</subfield>
      <subfield code="0">(DE-101)134422511</subfield>
      <subfield code="a">Kappler, Rudolf</subfield>
      <subfield code="4">edt</subfield>
      <subfield code="e">Bearb.</subfield>
    </datafield>
    <datafield ind1="2" ind2=" " tag="710">
      <subfield code="0">(DE-588)5182492-9</subfield>
      <subfield code="0">(DE-101)948718757</subfield>
      <subfield code="a">Original-Naabtal-Duo</subfield>
    </datafield>
  </record>