
  <record>
    <leader>01377ncm a2200313 c 4500</leader>
    <controlfield tag="001">350715807</controlfield>
    <controlfield tag="003">DE-101</controlfield>
    <controlfield tag="005">20100927083939.0</controlfield>
    <controlfield tag="007">q|</controlfield>
    <controlfield tag="008">920720s1988    gw |||||r|||||||||||ger  </controlfield>
    <datafield ind1=" " ind2=" " tag="015">
      <subfield code="a">92,M10,0290</subfield>
      <subfield code="2">dnb</subfield>
    </datafield>
    <datafield ind1="7" ind2=" " tag="016">
      <subfield code="2">DE-101</subfield>
      <subfield code="a">350715807</subfield>
    </datafield>
    <datafield ind1="7" ind2=" " tag="016">
      <subfield code="2">DE-101c</subfield>
      <subfield code="a">506149400</subfield>
    </datafield>
    <datafield ind1="3" ind2="2" tag="028">
      <subfield code="a">999  : DM 22.00</subfield>
    </datafield>
    <datafield ind1=" " ind2=" " tag="035">
      <subfield code="a">(DE-599)DNB350715807</subfield>
    </datafield>
    <datafield ind1=" " ind2=" " tag="035">
      <subfield code="a">(OCoLC)165318210</subfield>
    </datafield>
    <datafield ind1=" " ind2=" " tag="040">
      <subfield code="a">1300</subfield>
      <subfield code="b">ger</subfield>
      <subfield code="c">DE-101</subfield>
      <subfield code="d">1140</subfield>
    </datafield>
    <datafield ind1=" " ind2=" " tag="041">
      <subfield code="a">ger</subfield>
    </datafield>
    <datafield ind1=" " ind2=" " tag="044">
      <subfield code="c">XA-DE</subfield>
    </datafield>
    <datafield ind1="7" ind2="4" tag="082">
      <subfield code="q">DE-101</subfield>
      <subfield code="2">22sdnb</subfield>
    </datafield>
    <datafield ind1=" " ind2=" " tag="084">
      <subfield code="a">10a</subfield>
      <subfield code="q">DE-101</subfield>
      <subfield code="2">sdnb</subfield>
    </datafield>
    <datafield ind1="1" ind2=" " tag="100">
      <subfield code="0">(DE-588)134324994</subfield>
      <subfield code="0">(DE-101)134324994</subfield>
      <subfield code="a">Behrle, Günther</subfield>
      <subfield code="4">aut</subfield>
    </datafield>
    <datafield ind1="1" ind2="0" tag="245">
      <subfield code="a">Original-Naabtal-Duo - Patrona Bavariae</subfield>
      <subfield code="c">[Musik u. Text: Günther Behrle. Bearb.: Friedl Lobi]</subfield>
    </datafield>
    <datafield ind1="3" ind2=" " tag="260">
      <subfield code="a">Garching (München)</subfield>
      <subfield code="b">Edition Dux</subfield>
      <subfield code="c">1988, c 1988</subfield>
    </datafield>
    <datafield ind1=" " ind2=" " tag="300">
      <subfield code="a">24 S.</subfield>
      <subfield code="c">30 cm</subfield>
    </datafield>
    <datafield ind1=" " ind2=" " tag="500">
      <subfield code="a">Für Klavier mit Bezifferung u. unterlegtem Text.</subfield>
    </datafield>
    <datafield ind1="8" ind2=" " tag="505">
      <subfield code="a">Enth.: Patrona Bavariae. Des wenn mei Vater noch erlebt hätt'. Lass mein Kinderl wieder g'sund wer'n. Mit Tränen in den Aug'n. Ein Bild von dir. Wenn i di kriegt hätt'. Lichter überm See. So wie am ersten Hochzeitstag. Draussen vor der Tür. G'sundheit ist das grösste Glück auf Erden. Mutter, morg'n früh mach' ich Hochzeit.</subfield>
    </datafield>
    <datafield ind1="1" ind2=" " tag="700">
      <subfield code="0">(DE-588)134655524</subfield>
      <subfield code="0">(DE-101)134655524</subfield>
      <subfield code="a">Lobi, Friedel</subfield>
      <subfield code="4">edt</subfield>
      <subfield code="e">Bearb.</subfield>
    </datafield>
    <datafield ind1="2" ind2=" " tag="710">
      <subfield code="0">(DE-588)5182492-9</subfield>
      <subfield code="0">(DE-101)948718757</subfield>
      <subfield code="a">Original-Naabtal-Duo</subfield>
    </datafield>
  </record>