
  <record>
    <leader>01275ncm a2200301 cc4500</leader>
    <controlfield tag="001">350725020</controlfield>
    <controlfield tag="003">DE-101</controlfield>
    <controlfield tag="005">20100719203526.0</controlfield>
    <controlfield tag="007">q|</controlfield>
    <controlfield tag="008">920812s1992    gw |||||r|||||||||||ger  </controlfield>
    <datafield ind1=" " ind2=" " tag="015">
      <subfield code="a">92,M11,0327</subfield>
      <subfield code="2">dnb</subfield>
    </datafield>
    <datafield ind1="7" ind2=" " tag="016">
      <subfield code="2">DE-101</subfield>
      <subfield code="a">350725020</subfield>
    </datafield>
    <datafield ind1="7" ind2=" " tag="016">
      <subfield code="2">DE-101c</subfield>
      <subfield code="a">506200902</subfield>
    </datafield>
    <datafield ind1="3" ind2="2" tag="028">
      <subfield code="a">1368  : DM 14.50</subfield>
    </datafield>
    <datafield ind1=" " ind2=" " tag="035">
      <subfield code="a">(DE-599)DNB350725020</subfield>
    </datafield>
    <datafield ind1=" " ind2=" " tag="035">
      <subfield code="a">(OCoLC)724974379</subfield>
    </datafield>
    <datafield ind1=" " ind2=" " tag="040">
      <subfield code="a">1300</subfield>
      <subfield code="b">ger</subfield>
      <subfield code="c">DE-101</subfield>
      <subfield code="d">9999</subfield>
    </datafield>
    <datafield ind1=" " ind2=" " tag="041">
      <subfield code="a">ger</subfield>
    </datafield>
    <datafield ind1=" " ind2=" " tag="044">
      <subfield code="c">XA-DE</subfield>
    </datafield>
    <datafield ind1="7" ind2="4" tag="082">
      <subfield code="a">10a</subfield>
      <subfield code="q">DE-101</subfield>
      <subfield code="2">22sdnb</subfield>
    </datafield>
    <datafield ind1=" " ind2=" " tag="084">
      <subfield code="a">10a</subfield>
      <subfield code="q">DE-101</subfield>
      <subfield code="2">sdnb</subfield>
    </datafield>
    <datafield ind1="1" ind2="0" tag="245">
      <subfield code="a">Melodie &amp; [und] Rhythmus</subfield>
      <subfield code="n">58.</subfield>
      <subfield code="p">Comedian Harmonists - Ihre grossen Erfolge / Bearb.: John O'Brien-Docker</subfield>
    </datafield>
    <datafield ind1="3" ind2=" " tag="260">
      <subfield code="a">[s.l.]</subfield>
      <subfield code="b">[s.n.]</subfield>
      <subfield code="c">1992, c 1992</subfield>
    </datafield>
    <datafield ind1=" " ind2=" " tag="300">
      <subfield code="a">28 S.</subfield>
      <subfield code="c">30 cm</subfield>
    </datafield>
    <datafield ind1="8" ind2=" " tag="505">
      <subfield code="a">Enth.: Das ist die Liebe der Matrosen. Drei Musketiere. Ein Lied geht um die Welt. Hein spielt abends so schön auf dem Schifferklavier. Ich hab' für dich 'nen Blumentopf bestellt. Kleiner Mann, was nun. Liebling, mein Herz lässt dich grüssen. Mein kleiner, grüner Kaktus. Musik! Musik! Musik! Wochenend' und Sonnenschein.</subfield>
    </datafield>
    <datafield ind1="1" ind2=" " tag="700">
      <subfield code="0">(DE-588)134475720</subfield>
      <subfield code="0">(DE-101)134475720</subfield>
      <subfield code="a">O'Brien-Docker, John</subfield>
      <subfield code="d">1938-</subfield>
      <subfield code="4">edt</subfield>
      <subfield code="e">Bearb.</subfield>
    </datafield>
    <datafield ind1="2" ind2=" " tag="710">
      <subfield code="0">(DE-588)5070491-6</subfield>
      <subfield code="0">(DE-101)050704915</subfield>
      <subfield code="a">Comedian Harmonists</subfield>
    </datafield>
    <datafield ind1="0" ind2="8" tag="773">
      <subfield code="q">058</subfield>
      <subfield code="w">(DE-101)350725012</subfield>
    </datafield>
  </record>