
  <record>
    <leader>00825ncm a2200277 c 4500</leader>
    <controlfield tag="001">351200606</controlfield>
    <controlfield tag="003">DE-101</controlfield>
    <controlfield tag="005">20071020201234.0</controlfield>
    <controlfield tag="007">q|</controlfield>
    <controlfield tag="008">970502s1995    gw ||e||r|||||||||||ger  </controlfield>
    <datafield ind1=" " ind2=" " tag="015">
      <subfield code="a">97,M08,0487</subfield>
      <subfield code="2">dnb</subfield>
    </datafield>
    <datafield ind1="7" ind2=" " tag="016">
      <subfield code="2">DE-101</subfield>
      <subfield code="a">351200606</subfield>
    </datafield>
    <datafield ind1="7" ind2=" " tag="016">
      <subfield code="2">DE-101c</subfield>
      <subfield code="a">509632800</subfield>
    </datafield>
    <datafield ind1="2" ind2=" " tag="024">
      <subfield code="a">M204300334</subfield>
      <subfield code="c"> : DM 98.00</subfield>
      <subfield code="9">M-2043-0033-4</subfield>
    </datafield>
    <datafield ind1=" " ind2=" " tag="035">
      <subfield code="a">(DE-599)DNB351200606</subfield>
    </datafield>
    <datafield ind1=" " ind2=" " tag="035">
      <subfield code="a">(OCoLC)724419743</subfield>
    </datafield>
    <datafield ind1=" " ind2=" " tag="040">
      <subfield code="a">1300</subfield>
      <subfield code="b">ger</subfield>
      <subfield code="c">DE-101</subfield>
      <subfield code="d">9999</subfield>
    </datafield>
    <datafield ind1=" " ind2=" " tag="041">
      <subfield code="a">ger</subfield>
    </datafield>
    <datafield ind1=" " ind2=" " tag="044">
      <subfield code="c">XA-DE</subfield>
    </datafield>
    <datafield ind1="7" ind2="4" tag="082">
      <subfield code="q">DE-101</subfield>
      <subfield code="2">22sdnb</subfield>
    </datafield>
    <datafield ind1=" " ind2=" " tag="084">
      <subfield code="a">05a</subfield>
      <subfield code="q">DE-101</subfield>
      <subfield code="2">sdnb</subfield>
    </datafield>
    <datafield ind1="1" ind2=" " tag="100">
      <subfield code="0">(DE-588)135014468</subfield>
      <subfield code="0">(DE-101)135014468</subfield>
      <subfield code="a">Thoma, Xaver Paul</subfield>
      <subfield code="d">1953-</subfield>
      <subfield code="4">aut</subfield>
    </datafield>
    <datafield ind1="1" ind2="0" tag="245">
      <subfield code="a">Draussen vor der Tür</subfield>
      <subfield code="b">Kammeroper nach Wolfgang Borchert</subfield>
      <subfield code="c">Xaver Paul Thoma</subfield>
    </datafield>
    <datafield ind1=" " ind2=" " tag="250">
      <subfield code="a">Klavierausz.</subfield>
    </datafield>
    <datafield ind1="3" ind2=" " tag="260">
      <subfield code="a">Bühl</subfield>
      <subfield code="b">Antes-Edition</subfield>
      <subfield code="c">1995, c 1995</subfield>
    </datafield>
    <datafield ind1=" " ind2=" " tag="300">
      <subfield code="a">184 S.</subfield>
      <subfield code="c">30 cm</subfield>
    </datafield>
  </record>