
  <record>
    <leader>01745njm a2200373 c 4500</leader>
    <controlfield tag="001">351986863</controlfield>
    <controlfield tag="003">DE-101</controlfield>
    <controlfield tag="005">20120508233844.0</controlfield>
    <controlfield tag="007">s|||||||||||||</controlfield>
    <controlfield tag="008">900706s1988    gw ||||| |||||||||||ger  </controlfield>
    <datafield ind1=" " ind2=" " tag="015">
      <subfield code="a">88,T07,0391</subfield>
      <subfield code="2">dnb</subfield>
    </datafield>
    <datafield ind1="7" ind2=" " tag="016">
      <subfield code="2">DE-101</subfield>
      <subfield code="a">351986863</subfield>
    </datafield>
    <datafield ind1="7" ind2=" " tag="016">
      <subfield code="2">DE-101c</subfield>
      <subfield code="a">406668400</subfield>
    </datafield>
    <datafield ind1="7" ind2=" " tag="024">
      <subfield code="2">urn</subfield>
      <subfield code="a">urn:nbn:de:101:1-2012050824244</subfield>
    </datafield>
    <datafield ind1="3" ind2="2" tag="028">
      <subfield code="a">WEA International 242 255-2</subfield>
    </datafield>
    <datafield ind1=" " ind2=" " tag="035">
      <subfield code="a">(DE-599)DNB351986863</subfield>
    </datafield>
    <datafield ind1=" " ind2=" " tag="035">
      <subfield code="a">(OCoLC)725544696</subfield>
    </datafield>
    <datafield ind1=" " ind2=" " tag="040">
      <subfield code="a">1300</subfield>
      <subfield code="b">ger</subfield>
      <subfield code="c">DE-101</subfield>
      <subfield code="d">9999</subfield>
    </datafield>
    <datafield ind1=" " ind2=" " tag="041">
      <subfield code="a">ger</subfield>
    </datafield>
    <datafield ind1=" " ind2=" " tag="044">
      <subfield code="c">XA-DE</subfield>
    </datafield>
    <datafield ind1="7" ind2="4" tag="082">
      <subfield code="q">DE-101</subfield>
      <subfield code="2">22sdnb</subfield>
    </datafield>
    <datafield ind1=" " ind2=" " tag="084">
      <subfield code="a">10a</subfield>
      <subfield code="a">07b</subfield>
      <subfield code="q">DE-101</subfield>
      <subfield code="2">sdnb</subfield>
    </datafield>
    <datafield ind1="1" ind2=" " tag="100">
      <subfield code="0">(DE-588)121153908</subfield>
      <subfield code="0">(DE-101)121153908</subfield>
      <subfield code="a">Sulke, Stephan</subfield>
      <subfield code="d">1943-</subfield>
      <subfield code="4">aut</subfield>
    </datafield>
    <datafield ind1="1" ind2="0" tag="245">
      <subfield code="a">13 [Dreizehn]</subfield>
      <subfield code="c">[Text + Musik: Stephan Sulke]</subfield>
    </datafield>
    <datafield ind1="3" ind2=" " tag="260">
      <subfield code="a">Hamburg</subfield>
      <subfield code="b">WEA-Musik</subfield>
      <subfield code="c">1988, [1988]</subfield>
    </datafield>
    <datafield ind1=" " ind2=" " tag="300">
      <subfield code="a">1 Compact Disc</subfield>
      <subfield code="e">2 Beih.</subfield>
    </datafield>
    <datafield ind1=" " ind2=" " tag="500">
      <subfield code="a">Interpr.: Sulke, Stephan [Git Gsg]. Wölpl, Peter [g]. Schmid-Grandy, Wolfgang [b g]. Sendecky, Vladislav [synthesizer]... - P 1987. - Weitere Ausg.: LP, Best.-Nr. 242 255-1.</subfield>
    </datafield>
    <datafield ind1="8" ind2=" " tag="505">
      <subfield code="a">Enth.: Du ich bin doch nicht dein Dackel. Frau ich lieb' dich. Morgen. Draussen vor der Tür. Opa. Ich glaub' ich spinn' ich bin normal. Ganz oben. Tiefenkaltenstein. Hab' mich lieb. Elfriede.</subfield>
    </datafield>
    <datafield ind1="1" ind2=" " tag="583">
      <subfield code="a">Langzeitarchivierung gewährleistet</subfield>
      <subfield code="i">LZA</subfield>
    </datafield>
    <datafield ind1="1" ind2=" " tag="700">
      <subfield code="0">(DE-588)121153908</subfield>
      <subfield code="0">(DE-101)121153908</subfield>
      <subfield code="a">Sulke, Stephan</subfield>
      <subfield code="d">1943-</subfield>
      <subfield code="4">prf</subfield>
      <subfield code="4"/>
      <subfield code="e">Git Gsg</subfield>
    </datafield>
    <datafield ind1="1" ind2=" " tag="700">
      <subfield code="0">(DE-588)134559908</subfield>
      <subfield code="0">(DE-101)134559908</subfield>
      <subfield code="a">Wölpl, Peter</subfield>
      <subfield code="4">prf</subfield>
      <subfield code="4">itr</subfield>
      <subfield code="e">g</subfield>
    </datafield>
    <datafield ind1="1" ind2=" " tag="700">
      <subfield code="0">(DE-588)134512073</subfield>
      <subfield code="0">(DE-101)134512073</subfield>
      <subfield code="a">Schmid, Wolfgang</subfield>
      <subfield code="d">1948-</subfield>
      <subfield code="4">prf</subfield>
      <subfield code="4"/>
      <subfield code="e">b g</subfield>
    </datafield>
    <datafield ind1="1" ind2=" " tag="700">
      <subfield code="0">(DE-588)134586395</subfield>
      <subfield code="0">(DE-101)134586395</subfield>
      <subfield code="a">Sendecky, Vladislav</subfield>
      <subfield code="d">1955-</subfield>
      <subfield code="4">prf</subfield>
      <subfield code="4"/>
      <subfield code="e">synthesizer</subfield>
    </datafield>
    <datafield ind1="4" ind2="0" tag="856">
      <subfield code="u">http://nbn-resolving.de/urn:nbn:de:101:1-2012050824244</subfield>
      <subfield code="x">Resolving-System</subfield>
    </datafield>
  </record>