
  <record>
    <leader>01627njm a2200337 c 4500</leader>
    <controlfield tag="001">352167718</controlfield>
    <controlfield tag="003">DE-101</controlfield>
    <controlfield tag="005">20120504004050.0</controlfield>
    <controlfield tag="007">s|||||||||||||</controlfield>
    <controlfield tag="008">890906s1988    gw ||||| |||||||||||ger  </controlfield>
    <datafield ind1=" " ind2=" " tag="015">
      <subfield code="a">89,T11,0277</subfield>
      <subfield code="2">dnb</subfield>
    </datafield>
    <datafield ind1="7" ind2=" " tag="016">
      <subfield code="2">DE-101</subfield>
      <subfield code="a">352167718</subfield>
    </datafield>
    <datafield ind1="7" ind2=" " tag="016">
      <subfield code="2">DE-101c</subfield>
      <subfield code="a">407921600</subfield>
    </datafield>
    <datafield ind1="7" ind2=" " tag="024">
      <subfield code="2">urn</subfield>
      <subfield code="a">urn:nbn:de:101:1-20120504873</subfield>
    </datafield>
    <datafield ind1="3" ind2="2" tag="028">
      <subfield code="a">Ariola-Montana 259 356-222</subfield>
    </datafield>
    <datafield ind1=" " ind2=" " tag="035">
      <subfield code="a">(DE-599)DNB352167718</subfield>
    </datafield>
    <datafield ind1=" " ind2=" " tag="035">
      <subfield code="a">(OCoLC)725665997</subfield>
    </datafield>
    <datafield ind1=" " ind2=" " tag="040">
      <subfield code="a">1300</subfield>
      <subfield code="b">ger</subfield>
      <subfield code="c">DE-101</subfield>
      <subfield code="d">9999</subfield>
    </datafield>
    <datafield ind1=" " ind2=" " tag="041">
      <subfield code="a">ger</subfield>
    </datafield>
    <datafield ind1=" " ind2=" " tag="044">
      <subfield code="c">XA-DE</subfield>
    </datafield>
    <datafield ind1="7" ind2="4" tag="082">
      <subfield code="q">DE-101</subfield>
      <subfield code="2">22sdnb</subfield>
    </datafield>
    <datafield ind1=" " ind2=" " tag="084">
      <subfield code="a">10a</subfield>
      <subfield code="q">DE-101</subfield>
      <subfield code="2">sdnb</subfield>
    </datafield>
    <datafield ind1="1" ind2=" " tag="100">
      <subfield code="0">(DE-588)134324994</subfield>
      <subfield code="0">(DE-101)134324994</subfield>
      <subfield code="a">Behrle, Günther</subfield>
      <subfield code="4">aut</subfield>
    </datafield>
    <datafield ind1="1" ind2="0" tag="245">
      <subfield code="a">Patrona Bavariae</subfield>
      <subfield code="c">[Musik u. Text: Günther Behrle]</subfield>
    </datafield>
    <datafield ind1="3" ind2=" " tag="260">
      <subfield code="a">München</subfield>
      <subfield code="b">BMG Ariola München</subfield>
      <subfield code="c">1988, [1988]</subfield>
    </datafield>
    <datafield ind1=" " ind2=" " tag="300">
      <subfield code="a">1 Compact Disc</subfield>
    </datafield>
    <datafield ind1=" " ind2=" " tag="500">
      <subfield code="a">Interpr.: Original-Naabtal-Duo. - Aufn.: Regensburg, 1988. - P 1988. - Weitere Ausg.: LP, Best.-Nr. 209 356-630; MC, Best.-Nr. 409 356-630.</subfield>
    </datafield>
    <datafield ind1="8" ind2=" " tag="505">
      <subfield code="a">Enth.: Patrona Bavariae. Des wenn mei Vater noch erlebt hätt'. Lass mein Kinderl wieder g'sund wer'n. Mit Tränen in den Aug'n (kannst du kein Himmel seh'n). Mutter, morg'n früh mach' ich Hochzeit. Ein Bild von dir. Wenn i di kriegt hätt'. Lichter überm See. So wie am ersten Hochzeitstag. Draussen vor der Tür. G'sundheit ist das grösste Glück auf Erden. Vertrau dem Herrn die Sorgen an.</subfield>
    </datafield>
    <datafield ind1="1" ind2=" " tag="583">
      <subfield code="a">Langzeitarchivierung gewährleistet</subfield>
      <subfield code="i">LZA</subfield>
    </datafield>
    <datafield ind1="2" ind2=" " tag="710">
      <subfield code="0">(DE-588)5182492-9</subfield>
      <subfield code="0">(DE-101)948718757</subfield>
      <subfield code="a">Original-Naabtal-Duo</subfield>
      <subfield code="4">mus</subfield>
    </datafield>
    <datafield ind1="4" ind2="0" tag="856">
      <subfield code="u">http://nbn-resolving.de/urn:nbn:de:101:1-20120504873</subfield>
      <subfield code="x">Resolving-System</subfield>
    </datafield>
  </record>