
  <record>
    <leader>00505nca a2200193 c 4500</leader>
    <controlfield tag="001">354072285</controlfield>
    <controlfield tag="003">DE-101</controlfield>
    <controlfield tag="005">20070401030221.0</controlfield>
    <controlfield tag="007">q|</controlfield>
    <controlfield tag="008">050609s1977    ||||||||r||||||||||||||  </controlfield>
    <datafield ind1="7" ind2=" " tag="016">
      <subfield code="2">DE-101</subfield>
      <subfield code="a">354072285</subfield>
    </datafield>
    <datafield ind1="7" ind2=" " tag="016">
      <subfield code="2">DE-101c</subfield>
      <subfield code="a">594687500</subfield>
    </datafield>
    <datafield ind1=" " ind2=" " tag="035">
      <subfield code="a">(DE-599)DNB354072285</subfield>
    </datafield>
    <datafield ind1=" " ind2=" " tag="035">
      <subfield code="a">(OCoLC)724570985</subfield>
    </datafield>
    <datafield ind1=" " ind2=" " tag="040">
      <subfield code="a">9999</subfield>
      <subfield code="b">ger</subfield>
      <subfield code="c">DE-101</subfield>
      <subfield code="d">9999</subfield>
    </datafield>
    <datafield ind1="1" ind2=" " tag="100">
      <subfield code="0">(DE-588)134395093</subfield>
      <subfield code="0">(DE-101)134395093</subfield>
      <subfield code="a">Haeseler, Teddy</subfield>
      <subfield code="4">aut</subfield>
    </datafield>
    <datafield ind1="1" ind2="0" tag="245">
      <subfield code="a">Drei Musketiere</subfield>
    </datafield>
    <datafield ind1="3" ind2=" " tag="260">
      <subfield code="c">1977</subfield>
    </datafield>
    <datafield ind1="0" ind2="8" tag="773">
      <subfield code="w">(DE-101)354072277</subfield>
    </datafield>
  </record>