
  <record>
    <leader>01178njm a2200289 c 4500</leader>
    <controlfield tag="001">357393724</controlfield>
    <controlfield tag="003">DE-101</controlfield>
    <controlfield tag="005">20080610121621.0</controlfield>
    <controlfield tag="007">s|||||||||||||</controlfield>
    <controlfield tag="008">991102s1998    gw ||||| |||||||||||ger  </controlfield>
    <datafield ind1=" " ind2=" " tag="015">
      <subfield code="a">00,T01,0500</subfield>
      <subfield code="2">dnb</subfield>
    </datafield>
    <datafield ind1="7" ind2=" " tag="016">
      <subfield code="2">DE-101</subfield>
      <subfield code="a">357393724</subfield>
    </datafield>
    <datafield ind1="3" ind2="2" tag="028">
      <subfield code="a">20.1724</subfield>
    </datafield>
    <datafield ind1=" " ind2=" " tag="035">
      <subfield code="a">(DE-599)DNB357393724</subfield>
    </datafield>
    <datafield ind1=" " ind2=" " tag="035">
      <subfield code="a">(OCoLC)725179982</subfield>
    </datafield>
    <datafield ind1=" " ind2=" " tag="040">
      <subfield code="a">1300</subfield>
      <subfield code="b">ger</subfield>
      <subfield code="c">DE-101</subfield>
      <subfield code="d">9999</subfield>
    </datafield>
    <datafield ind1=" " ind2=" " tag="041">
      <subfield code="a">ger</subfield>
    </datafield>
    <datafield ind1=" " ind2=" " tag="044">
      <subfield code="c">XA-DE</subfield>
    </datafield>
    <datafield ind1="7" ind2="4" tag="082">
      <subfield code="q">DE-101</subfield>
      <subfield code="2">22sdnb</subfield>
    </datafield>
    <datafield ind1=" " ind2=" " tag="084">
      <subfield code="a">10a</subfield>
      <subfield code="q">DE-101</subfield>
      <subfield code="2">sdnb</subfield>
    </datafield>
    <datafield ind1="1" ind2=" " tag="100">
      <subfield code="0">(DE-588)134467248</subfield>
      <subfield code="0">(DE-101)134467248</subfield>
      <subfield code="a">Moslener, Hans-Georg</subfield>
      <subfield code="4">aut</subfield>
    </datafield>
    <datafield ind1="1" ind2="0" tag="245">
      <subfield code="a">Augenblicke</subfield>
      <subfield code="c">[Musik: Hans-Georg Moslener]</subfield>
    </datafield>
    <datafield ind1="3" ind2=" " tag="260">
      <subfield code="a">Altenmedingen</subfield>
      <subfield code="b">MSE-Musikverlag</subfield>
      <subfield code="c">1998, [1998]</subfield>
    </datafield>
    <datafield ind1=" " ind2=" " tag="300">
      <subfield code="a">1 Compact Disc</subfield>
      <subfield code="e">Beih.</subfield>
    </datafield>
    <datafield ind1="0" ind2=" " tag="505">
      <subfield code="a">Immer dann fangen Märchen an. Seine Freunde sind die Träume. Domingo Bay. Ich bin das Meer - und du der Wind. Und dann sprichst du noch von Liebe. Drei Musketiere der Liebe. Einmal möchte ich ... Da stieg die Flamme. Die Zeit der roten Rosen. Meine Ostsee. Norddeutsche Nacht. Ich hab' in die Augen der Kinder geseh'n.</subfield>
    </datafield>
    <datafield ind1=" " ind2=" " tag="518">
      <subfield code="a">Aufn.: 1997.</subfield>
    </datafield>
    <datafield ind1="1" ind2=" " tag="700">
      <subfield code="0">(DE-588)131754262</subfield>
      <subfield code="0">(DE-101)131754262</subfield>
      <subfield code="a">Thoss, Regina</subfield>
      <subfield code="d">1946-</subfield>
      <subfield code="4">prf</subfield>
      <subfield code="4"/>
      <subfield code="e">voc</subfield>
    </datafield>
  </record>