
  <record>
    <leader>01595njm a2200385 c 4500</leader>
    <controlfield tag="001">357524489</controlfield>
    <controlfield tag="003">DE-101</controlfield>
    <controlfield tag="005">20080910010233.0</controlfield>
    <controlfield tag="007">s|||||||||||||</controlfield>
    <controlfield tag="008">000417s1999    gw ||||| |||||||||||ger  </controlfield>
    <datafield ind1=" " ind2=" " tag="015">
      <subfield code="a">00,T06,0005</subfield>
      <subfield code="2">dnb</subfield>
    </datafield>
    <datafield ind1="7" ind2=" " tag="016">
      <subfield code="2">DE-101</subfield>
      <subfield code="a">357524489</subfield>
    </datafield>
    <datafield ind1="3" ind2="2" tag="028">
      <subfield code="b">Crooner</subfield>
      <subfield code="a">16220</subfield>
    </datafield>
    <datafield ind1=" " ind2=" " tag="035">
      <subfield code="a">(DE-599)DNB357524489</subfield>
    </datafield>
    <datafield ind1=" " ind2=" " tag="035">
      <subfield code="a">(OCoLC)725311993</subfield>
    </datafield>
    <datafield ind1=" " ind2=" " tag="040">
      <subfield code="a">1300</subfield>
      <subfield code="b">ger</subfield>
      <subfield code="c">DE-101</subfield>
      <subfield code="d">9999</subfield>
    </datafield>
    <datafield ind1=" " ind2=" " tag="041">
      <subfield code="a">ger</subfield>
    </datafield>
    <datafield ind1=" " ind2=" " tag="044">
      <subfield code="c">XA-DE</subfield>
    </datafield>
    <datafield ind1="7" ind2="4" tag="082">
      <subfield code="q">DE-101</subfield>
      <subfield code="2">22sdnb</subfield>
    </datafield>
    <datafield ind1=" " ind2=" " tag="084">
      <subfield code="a">02a</subfield>
      <subfield code="q">DE-101</subfield>
      <subfield code="2">sdnb</subfield>
    </datafield>
    <datafield ind1="1" ind2=" " tag="100">
      <subfield code="0">(DE-588)118655272</subfield>
      <subfield code="0">(DE-101)118655272</subfield>
      <subfield code="a">Benatzky, Ralph</subfield>
      <subfield code="d">1884-1957</subfield>
      <subfield code="4">aut</subfield>
    </datafield>
    <datafield ind1="1" ind2="0" tag="240">
      <subfield code="0">(DE-588)300638582</subfield>
      <subfield code="0">(DE-101)300638582</subfield>
      <subfield code="a">Werke</subfield>
      <subfield code="o">Ausw.</subfield>
    </datafield>
    <datafield ind1="1" ind2="0" tag="245">
      <subfield code="a">Die Operette lebt!</subfield>
      <subfield code="b">Friedhelm Mönter präsentiert Ralph Benatzky</subfield>
    </datafield>
    <datafield ind1="1" ind2="3" tag="246">
      <subfield code="a">Friedhelm Mönter präsentiert Ralph Benatzky</subfield>
    </datafield>
    <datafield ind1="1" ind2="3" tag="246">
      <subfield code="a">Die Operette lebt!</subfield>
    </datafield>
    <datafield ind1="3" ind2=" " tag="260">
      <subfield code="a">Hamburg</subfield>
      <subfield code="b">Crooner Records</subfield>
      <subfield code="c">1999, [1999]</subfield>
    </datafield>
    <datafield ind1=" " ind2=" " tag="300">
      <subfield code="a">1 Compact Disc</subfield>
      <subfield code="e">Beil.</subfield>
    </datafield>
    <datafield ind1="0" ind2=" " tag="505">
      <subfield code="a">Ausz. aus Im weissen Rössl, Meine Schwester und ich, Bezauberndes Fräulein &amp; Die drei Musketiere.</subfield>
    </datafield>
    <datafield ind1=" " ind2=" " tag="518">
      <subfield code="a">Aufn.: 1999.</subfield>
    </datafield>
    <datafield ind1="1" ind2=" " tag="700">
      <subfield code="0">(DE-588)134839706</subfield>
      <subfield code="0">(DE-101)134839706</subfield>
      <subfield code="a">Haye, Olaf</subfield>
      <subfield code="4">prf</subfield>
      <subfield code="4"/>
      <subfield code="e">Gsg</subfield>
    </datafield>
    <datafield ind1="1" ind2=" " tag="700">
      <subfield code="0">(DE-588)134476255</subfield>
      <subfield code="0">(DE-101)134476255</subfield>
      <subfield code="a">Off, Holger</subfield>
      <subfield code="d">1958-</subfield>
      <subfield code="4">prf</subfield>
      <subfield code="4"/>
      <subfield code="e">Gsg</subfield>
    </datafield>
    <datafield ind1="1" ind2=" " tag="700">
      <subfield code="0">(DE-588)134660714</subfield>
      <subfield code="0">(DE-101)134660714</subfield>
      <subfield code="a">Wieben, Wilhelm</subfield>
      <subfield code="4">prf</subfield>
      <subfield code="4"/>
      <subfield code="e">Gsg</subfield>
    </datafield>
    <datafield ind1="1" ind2=" " tag="700">
      <subfield code="0">(DE-588)134946596</subfield>
      <subfield code="0">(DE-101)134946596</subfield>
      <subfield code="a">Barthel, Ernst R.</subfield>
      <subfield code="4">prf</subfield>
      <subfield code="4"/>
      <subfield code="e">Dir Kl</subfield>
    </datafield>
    <datafield ind1="2" ind2=" " tag="710">
      <subfield code="0">(DE-588)10323748-3</subfield>
      <subfield code="0">(DE-101)320499960</subfield>
      <subfield code="a">Lübecker Sommeroperette</subfield>
      <subfield code="b">Chor</subfield>
      <subfield code="4">mus</subfield>
    </datafield>
    <datafield ind1="2" ind2=" " tag="710">
      <subfield code="0">(DE-588)10323749-5</subfield>
      <subfield code="0">(DE-101)320499979</subfield>
      <subfield code="a">Lübecker Sommeroperette</subfield>
      <subfield code="b">Orchester</subfield>
      <subfield code="4">mus</subfield>
    </datafield>
  </record>