
  <record>
    <leader>01237njm a2200337 cc4500</leader>
    <controlfield tag="001">358719550</controlfield>
    <controlfield tag="003">DE-101</controlfield>
    <controlfield tag="005">20071212054025.0</controlfield>
    <controlfield tag="007">s|||||||||||||</controlfield>
    <controlfield tag="008">040309s2004    gw ||||| |||||||||||ger  </controlfield>
    <datafield ind1=" " ind2=" " tag="015">
      <subfield code="a">04,T05,1129</subfield>
      <subfield code="2">dnb</subfield>
    </datafield>
    <datafield ind1="7" ind2=" " tag="016">
      <subfield code="2">DE-101</subfield>
      <subfield code="a">358719550</subfield>
    </datafield>
    <datafield ind1="3" ind2=" " tag="024">
      <subfield code="a">5099751607823</subfield>
    </datafield>
    <datafield ind1="3" ind2="2" tag="028">
      <subfield code="b">Sony Music Media (LC 02604)</subfield>
      <subfield code="a">516 078 2</subfield>
    </datafield>
    <datafield ind1=" " ind2=" " tag="035">
      <subfield code="a">(DE-599)DNB358719550</subfield>
    </datafield>
    <datafield ind1=" " ind2=" " tag="035">
      <subfield code="a">(OCoLC)724884042</subfield>
    </datafield>
    <datafield ind1=" " ind2=" " tag="040">
      <subfield code="a">1340</subfield>
      <subfield code="b">ger</subfield>
      <subfield code="c">DE-101</subfield>
      <subfield code="d">1330</subfield>
    </datafield>
    <datafield ind1=" " ind2=" " tag="041">
      <subfield code="a">ger</subfield>
    </datafield>
    <datafield ind1=" " ind2=" " tag="044">
      <subfield code="c">XA-DE</subfield>
    </datafield>
    <datafield ind1="7" ind2="4" tag="082">
      <subfield code="a">782.4</subfield>
      <subfield code="q">DE-101</subfield>
      <subfield code="2">22sdnb</subfield>
    </datafield>
    <datafield ind1=" " ind2=" " tag="084">
      <subfield code="a">782.4</subfield>
      <subfield code="q">DE-101</subfield>
      <subfield code="2">sdnb</subfield>
    </datafield>
    <datafield ind1="1" ind2="0" tag="245">
      <subfield code="a">Fredl Fesl</subfield>
      <subfield code="n">2. / [Fredl Fesl ausser "Drei Musketiere"]</subfield>
    </datafield>
    <datafield ind1="3" ind2=" " tag="260">
      <subfield code="a">Berlin</subfield>
      <subfield code="b">Sony Music Entertainment</subfield>
      <subfield code="c">2004, [2004]</subfield>
    </datafield>
    <datafield ind1=" " ind2=" " tag="300">
      <subfield code="a">1 Compact Disc</subfield>
      <subfield code="e">Beil.</subfield>
    </datafield>
    <datafield ind1="1" ind2=" " tag="490">
      <subfield code="a">Fredl Fesl</subfield>
      <subfield code="v">2</subfield>
    </datafield>
    <datafield ind1=" " ind2=" " tag="500">
      <subfield code="a">P 1977.</subfield>
    </datafield>
    <datafield ind1="0" ind2=" " tag="505">
      <subfield code="a">Drei Musketiere. Ramersdorfer Ritterragtime. Das Stachelschwein. Spieglein, Spieglein. Wegwerflied. Knödelsong. Das Lied vom Rausch. Der edle Rittersepp. Ein eiskaltes Lied. Für die Katz.</subfield>
    </datafield>
    <datafield ind1=" " ind2=" " tag="518">
      <subfield code="a">Live-Aufn.</subfield>
    </datafield>
    <datafield ind1="1" ind2=" " tag="700">
      <subfield code="0">(DE-588)134372360</subfield>
      <subfield code="0">(DE-101)134372360</subfield>
      <subfield code="a">Fesl, Fredl</subfield>
      <subfield code="d">1947-</subfield>
      <subfield code="4">ctb</subfield>
      <subfield code="e">Mitarb.</subfield>
    </datafield>
    <datafield ind1="1" ind2=" " tag="700">
      <subfield code="0">(DE-588)134372360</subfield>
      <subfield code="0">(DE-101)134372360</subfield>
      <subfield code="a">Fesl, Fredl</subfield>
      <subfield code="d">1947-</subfield>
      <subfield code="4">prf</subfield>
      <subfield code="4"/>
      <subfield code="e">Git Gsg Sprech</subfield>
    </datafield>
    <datafield ind1="0" ind2="8" tag="773">
      <subfield code="q">002</subfield>
      <subfield code="w">(DE-101)35871947X</subfield>
    </datafield>
  </record>