
  <record>
    <leader>01005ncm a2200301 c 4500</leader>
    <controlfield tag="001">358880858</controlfield>
    <controlfield tag="003">DE-101</controlfield>
    <controlfield tag="005">20080610132956.0</controlfield>
    <controlfield tag="007">q|</controlfield>
    <controlfield tag="008">041018s2004    gw ||z||r|||||||||||ger  </controlfield>
    <datafield ind1=" " ind2=" " tag="015">
      <subfield code="a">04,M12,0447</subfield>
      <subfield code="2">dnb</subfield>
    </datafield>
    <datafield ind1="7" ind2=" " tag="016">
      <subfield code="2">DE-101</subfield>
      <subfield code="a">358880858</subfield>
    </datafield>
    <datafield ind1="2" ind2=" " tag="024">
      <subfield code="a">M203428787</subfield>
      <subfield code="9">M-2034-2878-7</subfield>
    </datafield>
    <datafield ind1="3" ind2="2" tag="028">
      <subfield code="a">FH 2878 (Pr. nicht mitget.)</subfield>
    </datafield>
    <datafield ind1=" " ind2=" " tag="035">
      <subfield code="a">(DE-599)DNB358880858</subfield>
    </datafield>
    <datafield ind1=" " ind2=" " tag="035">
      <subfield code="a">(OCoLC)724571022</subfield>
    </datafield>
    <datafield ind1=" " ind2=" " tag="040">
      <subfield code="a">1340</subfield>
      <subfield code="b">ger</subfield>
      <subfield code="c">DE-101</subfield>
      <subfield code="d">9999</subfield>
    </datafield>
    <datafield ind1=" " ind2=" " tag="041">
      <subfield code="a">ger</subfield>
    </datafield>
    <datafield ind1=" " ind2=" " tag="044">
      <subfield code="c">XA-DE</subfield>
    </datafield>
    <datafield ind1="7" ind2="4" tag="082">
      <subfield code="a">785.13</subfield>
      <subfield code="q">DE-101</subfield>
      <subfield code="2">22sdnb</subfield>
    </datafield>
    <datafield ind1=" " ind2=" " tag="084">
      <subfield code="a">785.13</subfield>
      <subfield code="q">DE-101</subfield>
      <subfield code="2">sdnb</subfield>
    </datafield>
    <datafield ind1="1" ind2=" " tag="100">
      <subfield code="0">(DE-588)12380678X</subfield>
      <subfield code="0">(DE-101)12380678X</subfield>
      <subfield code="a">Waterhouse, Graham</subfield>
      <subfield code="d">1962-</subfield>
      <subfield code="4">aut</subfield>
    </datafield>
    <datafield ind1="1" ind2="0" tag="240">
      <subfield code="0">(DE-588)300796765</subfield>
      <subfield code="0">(DE-101)300796765</subfield>
      <subfield code="a">Die drei Musketiere</subfield>
    </datafield>
    <datafield ind1="1" ind2="0" tag="245">
      <subfield code="a">Die drei Musketiere</subfield>
      <subfield code="b">für 3 Violoncelli = The three musketeers</subfield>
      <subfield code="c">Graham Waterhouse</subfield>
    </datafield>
    <datafield ind1="1" ind2="3" tag="246">
      <subfield code="a">The three musketeers</subfield>
    </datafield>
    <datafield ind1=" " ind2=" " tag="250">
      <subfield code="a">Partitur, Stimmen</subfield>
    </datafield>
    <datafield ind1="3" ind2=" " tag="260">
      <subfield code="a">Hofheim (Taunus), Leipzig</subfield>
      <subfield code="b">Friedrich Hofmeister</subfield>
      <subfield code="c">2004, c 2004</subfield>
    </datafield>
    <datafield ind1=" " ind2=" " tag="300">
      <subfield code="a">18 S. + 3 St.</subfield>
      <subfield code="c">30 cm</subfield>
    </datafield>
  </record>