
  <record>
    <leader>02199njm a2200409 c 4500</leader>
    <controlfield tag="001">359281559</controlfield>
    <controlfield tag="003">DE-101</controlfield>
    <controlfield tag="005">20071212110658.0</controlfield>
    <controlfield tag="007">s|||||||||||||</controlfield>
    <controlfield tag="008">061108s2005    gw ||||| |||||||||||ger  </controlfield>
    <datafield ind1=" " ind2=" " tag="015">
      <subfield code="a">07,T01,1062</subfield>
      <subfield code="2">dnb</subfield>
    </datafield>
    <datafield ind1="7" ind2=" " tag="016">
      <subfield code="2">DE-101</subfield>
      <subfield code="a">359281559</subfield>
    </datafield>
    <datafield ind1="1" ind2=" " tag="024">
      <subfield code="a">828767359427</subfield>
    </datafield>
    <datafield ind1="3" ind2="2" tag="028">
      <subfield code="b">Ariola (LC 00116)</subfield>
      <subfield code="a">82876 73594 2</subfield>
    </datafield>
    <datafield ind1="3" ind2="2" tag="028">
      <subfield code="a">82876 73594 2</subfield>
    </datafield>
    <datafield ind1=" " ind2=" " tag="035">
      <subfield code="a">(DE-599)DNB359281559</subfield>
    </datafield>
    <datafield ind1=" " ind2=" " tag="035">
      <subfield code="a">(OCoLC)635313725</subfield>
    </datafield>
    <datafield ind1=" " ind2=" " tag="040">
      <subfield code="a">1340</subfield>
      <subfield code="b">ger</subfield>
      <subfield code="c">DE-101</subfield>
      <subfield code="d">1330</subfield>
    </datafield>
    <datafield ind1=" " ind2=" " tag="041">
      <subfield code="a">ger</subfield>
    </datafield>
    <datafield ind1=" " ind2=" " tag="044">
      <subfield code="c">XA-DE</subfield>
    </datafield>
    <datafield ind1="7" ind2="4" tag="082">
      <subfield code="a">782.1</subfield>
      <subfield code="q">DE-101</subfield>
      <subfield code="2">22sdnb</subfield>
    </datafield>
    <datafield ind1=" " ind2=" " tag="084">
      <subfield code="a">782.1</subfield>
      <subfield code="q">DE-101</subfield>
      <subfield code="2">sdnb</subfield>
    </datafield>
    <datafield ind1="1" ind2="0" tag="245">
      <subfield code="a">3 Musketiere</subfield>
      <subfield code="h">[Tonträger]</subfield>
      <subfield code="b">das Musical ; die Highlights aus der deutschen Erstaufführung 2005 Theater des Westens Berlin ; [based on the novel by Alexander Dumas]</subfield>
      <subfield code="c">[music, lyrics: Rob Bolland &amp; Ferdi Bolland]</subfield>
    </datafield>
    <datafield ind1="1" ind2="3" tag="246">
      <subfield code="a">Drei Musketiere</subfield>
    </datafield>
    <datafield ind1="3" ind2=" " tag="260">
      <subfield code="a">[München]</subfield>
      <subfield code="b">Sony BMG Music Entertainment (Germany)</subfield>
      <subfield code="c">2005, P 2005</subfield>
    </datafield>
    <datafield ind1=" " ind2=" " tag="300">
      <subfield code="a">1 CD</subfield>
      <subfield code="c">12 cm</subfield>
      <subfield code="e">Beih.</subfield>
    </datafield>
    <datafield ind1=" " ind2=" " tag="500">
      <subfield code="a">Interpr. u.a.: Patrick Stanke, d'Artagnan. Marc Clear, Athos. Christian Schleicher, Porthos. Mathias Sanders, Aramis. Pia Douwes, Milady de Winter. Uwe Kröger, Kardinal Richelieu. Sabrina Weckerlin, Constance. Kristin Hölck, Königin Anna. Hans Piesbergen, König Ludwig XIII. Cusch Jung, Rochefort.</subfield>
    </datafield>
    <datafield ind1="1" ind2=" " tag="700">
      <subfield code="0">(DE-588)135303478</subfield>
      <subfield code="0">(DE-101)135303478</subfield>
      <subfield code="a">Stanke, Patrick</subfield>
      <subfield code="4">prf</subfield>
      <subfield code="4"/>
      <subfield code="e">d'Artagnan</subfield>
    </datafield>
    <datafield ind1="1" ind2=" " tag="700">
      <subfield code="0">(DE-588)13477387X</subfield>
      <subfield code="0">(DE-101)13477387X</subfield>
      <subfield code="a">Douwes, Pia</subfield>
      <subfield code="4">prf</subfield>
      <subfield code="4"/>
      <subfield code="e">Milady de Winter</subfield>
    </datafield>
    <datafield ind1="1" ind2=" " tag="700">
      <subfield code="0">(DE-588)134780450</subfield>
      <subfield code="0">(DE-101)134780450</subfield>
      <subfield code="a">Kröger, Uwe</subfield>
      <subfield code="d">1964-</subfield>
      <subfield code="4">prf</subfield>
      <subfield code="4"/>
      <subfield code="e">Kardinal Richelieu</subfield>
    </datafield>
    <datafield ind1="1" ind2=" " tag="700">
      <subfield code="0">(DE-588)135395658</subfield>
      <subfield code="0">(DE-101)135395658</subfield>
      <subfield code="a">Weckerlin, Sabrina</subfield>
      <subfield code="d">1986-</subfield>
      <subfield code="4">prf</subfield>
      <subfield code="4"/>
      <subfield code="e">Constance</subfield>
    </datafield>
    <datafield ind1="1" ind2=" " tag="700">
      <subfield code="0">(DE-588)135045908</subfield>
      <subfield code="0">(DE-101)135045908</subfield>
      <subfield code="a">Hölck, Kristin</subfield>
      <subfield code="4">prf</subfield>
      <subfield code="4"/>
      <subfield code="e">Königin Anna</subfield>
    </datafield>
    <datafield ind1="1" ind2=" " tag="700">
      <subfield code="0">(DE-588)135455553</subfield>
      <subfield code="0">(DE-101)135455553</subfield>
      <subfield code="a">Piesbergen, Hans</subfield>
      <subfield code="4">prf</subfield>
      <subfield code="4"/>
      <subfield code="e">König Ludwig XIII</subfield>
    </datafield>
    <datafield ind1="1" ind2=" " tag="700">
      <subfield code="0">(DE-588)134420764</subfield>
      <subfield code="0">(DE-101)134420764</subfield>
      <subfield code="a">Jung, Cusch</subfield>
      <subfield code="d">1958-</subfield>
      <subfield code="4">prf</subfield>
      <subfield code="4"/>
      <subfield code="e">Rochefort</subfield>
    </datafield>
    <datafield ind1="1" ind2=" " tag="700">
      <subfield code="0">(DE-588)135457246</subfield>
      <subfield code="0">(DE-101)135457246</subfield>
      <subfield code="a">Clear, Marc</subfield>
      <subfield code="4">prf</subfield>
      <subfield code="4"/>
      <subfield code="e">Athos</subfield>
    </datafield>
    <datafield ind1="1" ind2=" " tag="700">
      <subfield code="0">(DE-588)135457254</subfield>
      <subfield code="0">(DE-101)135457254</subfield>
      <subfield code="a">Schleicher, Christian</subfield>
      <subfield code="4">prf</subfield>
      <subfield code="4"/>
      <subfield code="e">Porthos</subfield>
    </datafield>
    <datafield ind1="1" ind2=" " tag="700">
      <subfield code="0">(DE-588)135457262</subfield>
      <subfield code="0">(DE-101)135457262</subfield>
      <subfield code="a">Sanders, Mathias</subfield>
      <subfield code="4">prf</subfield>
      <subfield code="4"/>
      <subfield code="e">Aramis</subfield>
    </datafield>
  </record>