
  <record>
    <leader>01285njm a2200337 c 4500</leader>
    <controlfield tag="001">360144810</controlfield>
    <controlfield tag="003">DE-101</controlfield>
    <controlfield tag="005">20091116220543.0</controlfield>
    <controlfield tag="007">s|||||||||||||</controlfield>
    <controlfield tag="008">071205s2007    gw ||||| |||||||||||ger  </controlfield>
    <datafield ind1=" " ind2=" " tag="015">
      <subfield code="a">08,T03,0082</subfield>
      <subfield code="2">dnb</subfield>
    </datafield>
    <datafield ind1="7" ind2=" " tag="016">
      <subfield code="2">DE-101</subfield>
      <subfield code="a">360144810</subfield>
    </datafield>
    <datafield ind1="1" ind2=" " tag="024">
      <subfield code="a">093624989646</subfield>
    </datafield>
    <datafield ind1="3" ind2="2" tag="028">
      <subfield code="b">Warner Bros. Records (LC 00392)</subfield>
      <subfield code="a">9362-49 896-4</subfield>
    </datafield>
    <datafield ind1="3" ind2="2" tag="028">
      <subfield code="b">Warner Bros.</subfield>
      <subfield code="a">9362-49896-4</subfield>
    </datafield>
    <datafield ind1=" " ind2=" " tag="035">
      <subfield code="a">(DE-599)DNB360144810</subfield>
    </datafield>
    <datafield ind1=" " ind2=" " tag="035">
      <subfield code="a">(OCoLC)725623776</subfield>
    </datafield>
    <datafield ind1=" " ind2=" " tag="040">
      <subfield code="a">1330</subfield>
      <subfield code="b">ger</subfield>
      <subfield code="c">DE-101</subfield>
      <subfield code="d">9999</subfield>
    </datafield>
    <datafield ind1=" " ind2=" " tag="041">
      <subfield code="a">ger</subfield>
    </datafield>
    <datafield ind1=" " ind2=" " tag="044">
      <subfield code="c">XA-DE</subfield>
    </datafield>
    <datafield ind1="7" ind2="4" tag="082">
      <subfield code="a">781.542</subfield>
      <subfield code="q">DE-101</subfield>
      <subfield code="2">22sdnb</subfield>
    </datafield>
    <datafield ind1=" " ind2=" " tag="084">
      <subfield code="a">781.542</subfield>
      <subfield code="q">DE-101</subfield>
      <subfield code="2">sdnb</subfield>
    </datafield>
    <datafield ind1="1" ind2="0" tag="245">
      <subfield code="a">Beowulf</subfield>
      <subfield code="h">[Tonträger]</subfield>
      <subfield code="b">music from the motion picture</subfield>
      <subfield code="c">music composed and conducted by Alan Silvestri</subfield>
    </datafield>
    <datafield ind1="3" ind2=" " tag="260">
      <subfield code="a">[S.l.]</subfield>
      <subfield code="b">WEA Internat.</subfield>
      <subfield code="c">2007, P 2007</subfield>
    </datafield>
    <datafield ind1=" " ind2=" " tag="300">
      <subfield code="a">1 CD</subfield>
      <subfield code="c">12 cm</subfield>
      <subfield code="e">Beil.</subfield>
    </datafield>
    <datafield ind1=" " ind2=" " tag="500">
      <subfield code="a">Interpr. u.a.: Page LA Studio Voices. The Hollywood Studio Symphony.</subfield>
    </datafield>
    <datafield ind1=" " ind2=" " tag="518">
      <subfield code="a">Aufn.: Todd AO Scoring Stage.</subfield>
    </datafield>
    <datafield ind1="1" ind2=" " tag="700">
      <subfield code="0">(DE-588)134522567</subfield>
      <subfield code="0">(DE-101)134522567</subfield>
      <subfield code="a">Silvestri, Alan</subfield>
      <subfield code="d">1950-</subfield>
      <subfield code="4">cre</subfield>
    </datafield>
    <datafield ind1="1" ind2=" " tag="700">
      <subfield code="0">(DE-588)134522567</subfield>
      <subfield code="0">(DE-101)134522567</subfield>
      <subfield code="a">Silvestri, Alan</subfield>
      <subfield code="d">1950-</subfield>
      <subfield code="4">prf</subfield>
      <subfield code="4">itr</subfield>
      <subfield code="e">ld</subfield>
    </datafield>
    <datafield ind1="2" ind2=" " tag="710">
      <subfield code="0">(DE-588)16044346-5</subfield>
      <subfield code="0">(DE-101)998273880</subfield>
      <subfield code="a">Page LA Studio Voices</subfield>
      <subfield code="4">mus</subfield>
    </datafield>
    <datafield ind1="2" ind2=" " tag="710">
      <subfield code="0">(DE-588)10198791-2</subfield>
      <subfield code="0">(DE-101)988019310</subfield>
      <subfield code="a">Hollywood Studio Symphony</subfield>
      <subfield code="4">mus</subfield>
    </datafield>
  </record>