
  <record>
    <leader>01176njm a2200301 c 4500</leader>
    <controlfield tag="001">360147658</controlfield>
    <controlfield tag="003">DE-101</controlfield>
    <controlfield tag="005">20080306161546.0</controlfield>
    <controlfield tag="007">s|||||||||||||</controlfield>
    <controlfield tag="008">071210s2007    gw ||||| |||||||||||ger  </controlfield>
    <datafield ind1=" " ind2=" " tag="015">
      <subfield code="a">08,T03,0909</subfield>
      <subfield code="2">dnb</subfield>
    </datafield>
    <datafield ind1="7" ind2=" " tag="016">
      <subfield code="2">DE-101</subfield>
      <subfield code="a">360147658</subfield>
    </datafield>
    <datafield ind1="1" ind2=" " tag="024">
      <subfield code="a">886970709521</subfield>
    </datafield>
    <datafield ind1="3" ind2="2" tag="028">
      <subfield code="b">Beats Around The Busch (LC 13092)</subfield>
      <subfield code="a">88697 07095 2</subfield>
    </datafield>
    <datafield ind1="3" ind2="2" tag="028">
      <subfield code="a">88697 07095 2</subfield>
    </datafield>
    <datafield ind1=" " ind2=" " tag="035">
      <subfield code="a">(DE-599)DNB360147658</subfield>
    </datafield>
    <datafield ind1=" " ind2=" " tag="035">
      <subfield code="a">(OCoLC)725624603</subfield>
    </datafield>
    <datafield ind1=" " ind2=" " tag="040">
      <subfield code="a">1330</subfield>
      <subfield code="b">ger</subfield>
      <subfield code="c">DE-101</subfield>
      <subfield code="d">9999</subfield>
    </datafield>
    <datafield ind1=" " ind2=" " tag="041">
      <subfield code="a">ger</subfield>
    </datafield>
    <datafield ind1=" " ind2=" " tag="044">
      <subfield code="c">XA-DE</subfield>
    </datafield>
    <datafield ind1="7" ind2="4" tag="082">
      <subfield code="a">781.64</subfield>
      <subfield code="q">DE-101</subfield>
      <subfield code="2">22sdnb</subfield>
    </datafield>
    <datafield ind1=" " ind2=" " tag="084">
      <subfield code="a">781.64</subfield>
      <subfield code="q">DE-101</subfield>
      <subfield code="2">sdnb</subfield>
    </datafield>
    <datafield ind1="1" ind2=" " tag="100">
      <subfield code="0">(DE-588)135504090</subfield>
      <subfield code="0">(DE-101)135504090</subfield>
      <subfield code="a">Stoyanov, Daniel</subfield>
      <subfield code="4">aut</subfield>
    </datafield>
    <datafield ind1="1" ind2="0" tag="245">
      <subfield code="a">Draussen vor der Tür</subfield>
      <subfield code="h">[Tonträger]</subfield>
      <subfield code="c">[Musik: Daniel Stoyanov. Interpr.:] Daniel Stoyanov</subfield>
    </datafield>
    <datafield ind1="3" ind2=" " tag="260">
      <subfield code="a">[München]</subfield>
      <subfield code="b">Sony BMG Music Entertainment (Germany)</subfield>
      <subfield code="c">2007, P 2007</subfield>
    </datafield>
    <datafield ind1=" " ind2=" " tag="300">
      <subfield code="a">1 CD</subfield>
      <subfield code="c">12 cm</subfield>
      <subfield code="e">Beih.</subfield>
    </datafield>
    <datafield ind1="0" ind2=" " tag="505">
      <subfield code="a">Warum bist du bei der Polizei. Weit weg. Flügel. Wenn du. Nachtzug. Nachtwandel. Evolution. Wolken. Alle zu Mama. Nur für dich. Vergesslich. Seid ihr durstig. Mehr als ein Lied.</subfield>
    </datafield>
    <datafield ind1="1" ind2=" " tag="700">
      <subfield code="0">(DE-588)135504090</subfield>
      <subfield code="0">(DE-101)135504090</subfield>
      <subfield code="a">Stoyanov, Daniel</subfield>
      <subfield code="4">prf</subfield>
      <subfield code="4"/>
      <subfield code="e">voc</subfield>
    </datafield>
  </record>