
  <record>
    <leader>00769nam a2200253 cb4500</leader>
    <controlfield tag="001">361306652</controlfield>
    <controlfield tag="003">DE-101</controlfield>
    <controlfield tag="005">20110603165301.0</controlfield>
    <controlfield tag="007">tu</controlfield>
    <controlfield tag="008">030214s1928    gw |||||r|||| 00||||ger  </controlfield>
    <datafield ind1=" " ind2=" " tag="015">
      <subfield code="a">00,L01</subfield>
      <subfield code="2">dnb</subfield>
    </datafield>
    <datafield ind1="7" ind2=" " tag="016">
      <subfield code="2">DE-101</subfield>
      <subfield code="a">361306652</subfield>
    </datafield>
    <datafield ind1=" " ind2=" " tag="020">
      <subfield code="c">5.-</subfield>
    </datafield>
    <datafield ind1=" " ind2=" " tag="035">
      <subfield code="a">(DE-599)DNB361306652</subfield>
    </datafield>
    <datafield ind1=" " ind2=" " tag="035">
      <subfield code="a">(OCoLC)72596584</subfield>
    </datafield>
    <datafield ind1=" " ind2=" " tag="040">
      <subfield code="a">1140</subfield>
      <subfield code="b">ger</subfield>
      <subfield code="c">DE-101</subfield>
      <subfield code="d">9999</subfield>
    </datafield>
    <datafield ind1=" " ind2=" " tag="041">
      <subfield code="a">ger</subfield>
    </datafield>
    <datafield ind1=" " ind2=" " tag="044">
      <subfield code="c">XA-DE</subfield>
    </datafield>
    <datafield ind1="1" ind2=" " tag="100">
      <subfield code="0">(DE-588)118598260</subfield>
      <subfield code="0">(DE-101)118598260</subfield>
      <subfield code="a">Rank, Otto</subfield>
      <subfield code="d">1884-1939</subfield>
      <subfield code="4">aut</subfield>
    </datafield>
    <datafield ind1="1" ind2="0" tag="245">
      <subfield code="a">Gestaltung und Ausdruck der Persönlichkeit</subfield>
      <subfield code="c">Otto Rank</subfield>
    </datafield>
    <datafield ind1="3" ind2=" " tag="260">
      <subfield code="a">Wien</subfield>
      <subfield code="b">F. Deuticke</subfield>
      <subfield code="c">1928</subfield>
    </datafield>
    <datafield ind1=" " ind2=" " tag="300">
      <subfield code="a">V, 104 S.</subfield>
      <subfield code="c">gr. 8</subfield>
    </datafield>
    <datafield ind1="1" ind2=" " tag="490">
      <subfield code="a">Grundzüge einer genetischen Psychologie / Rank</subfield>
      <subfield code="v">Tl 2</subfield>
    </datafield>
    <datafield ind1=" " ind2="0" tag="830">
      <subfield code="a">Grundzüge einer genetischen Psychologie / Rank</subfield>
      <subfield code="v">Tl 2</subfield>
    </datafield>
  </record>