
  <record>
    <leader>00718nam a2200241 c 4500</leader>
    <controlfield tag="001">361393849</controlfield>
    <controlfield tag="003">DE-101</controlfield>
    <controlfield tag="005">20110603172402.0</controlfield>
    <controlfield tag="007">tu</controlfield>
    <controlfield tag="008">030219s1914    gw |||||r|||| 00||||ger  </controlfield>
    <datafield ind1=" " ind2=" " tag="015">
      <subfield code="a">00,L01</subfield>
      <subfield code="2">dnb</subfield>
    </datafield>
    <datafield ind1="7" ind2=" " tag="016">
      <subfield code="2">DE-101</subfield>
      <subfield code="a">361393849</subfield>
    </datafield>
    <datafield ind1=" " ind2=" " tag="035">
      <subfield code="a">(DE-599)DNB361393849</subfield>
    </datafield>
    <datafield ind1=" " ind2=" " tag="035">
      <subfield code="a">(OCoLC)72603600</subfield>
    </datafield>
    <datafield ind1=" " ind2=" " tag="040">
      <subfield code="a">1140</subfield>
      <subfield code="b">ger</subfield>
      <subfield code="c">DE-101</subfield>
      <subfield code="d">9999</subfield>
    </datafield>
    <datafield ind1=" " ind2=" " tag="041">
      <subfield code="a">ger</subfield>
    </datafield>
    <datafield ind1=" " ind2=" " tag="044">
      <subfield code="c">XA-DE</subfield>
    </datafield>
    <datafield ind1="1" ind2=" " tag="100">
      <subfield code="0">(DE-588)126187398</subfield>
      <subfield code="0">(DE-101)126187398</subfield>
      <subfield code="a">Delmer, Frederic Sefton</subfield>
      <subfield code="4">aut</subfield>
    </datafield>
    <datafield ind1="1" ind2="0" tag="245">
      <subfield code="a">Englisch Literature from 'Beowulf' to Bernard Shaw</subfield>
      <subfield code="b">For the use of schools and private students</subfield>
      <subfield code="c">F. Sefton Delmer</subfield>
    </datafield>
    <datafield ind1=" " ind2=" " tag="250">
      <subfield code="a">4. ed., rev. and corr.</subfield>
    </datafield>
    <datafield ind1=" " ind2=" " tag="259">
      <subfield code="a">14</subfield>
    </datafield>
    <datafield ind1="3" ind2=" " tag="260">
      <subfield code="a">Berlin</subfield>
      <subfield code="b">Weidmann</subfield>
      <subfield code="c">1914</subfield>
    </datafield>
    <datafield ind1=" " ind2=" " tag="300">
      <subfield code="a">XII, 234 S.</subfield>
      <subfield code="c">8</subfield>
    </datafield>
  </record>