
  <record>
    <leader>00988nam a2200253 c 4500</leader>
    <controlfield tag="001">361735936</controlfield>
    <controlfield tag="003">DE-101</controlfield>
    <controlfield tag="005">20110603205002.0</controlfield>
    <controlfield tag="007">tu</controlfield>
    <controlfield tag="008">030219s1904    gw |||||r|||| 00||||ger  </controlfield>
    <datafield ind1=" " ind2=" " tag="015">
      <subfield code="a">00,L01</subfield>
      <subfield code="2">dnb</subfield>
    </datafield>
    <datafield ind1="7" ind2=" " tag="016">
      <subfield code="2">DE-101</subfield>
      <subfield code="a">361735936</subfield>
    </datafield>
    <datafield ind1=" " ind2=" " tag="035">
      <subfield code="a">(DE-599)DNB361735936</subfield>
    </datafield>
    <datafield ind1=" " ind2=" " tag="035">
      <subfield code="a">(OCoLC)72650691</subfield>
    </datafield>
    <datafield ind1=" " ind2=" " tag="040">
      <subfield code="a">1140</subfield>
      <subfield code="b">ger</subfield>
      <subfield code="c">DE-101</subfield>
      <subfield code="d">9999</subfield>
    </datafield>
    <datafield ind1=" " ind2=" " tag="041">
      <subfield code="a">ger</subfield>
    </datafield>
    <datafield ind1=" " ind2=" " tag="044">
      <subfield code="c">XA-DE</subfield>
    </datafield>
    <datafield ind1="1" ind2=" " tag="100">
      <subfield code="0">(DE-588)118799223</subfield>
      <subfield code="0">(DE-101)118799223</subfield>
      <subfield code="a">Strzygowski, Josef</subfield>
      <subfield code="d">1862-1941</subfield>
      <subfield code="4">aut</subfield>
    </datafield>
    <datafield ind1="1" ind2="0" tag="245">
      <subfield code="a">Koptische Kunst</subfield>
      <subfield code="c">von Josef Strzygowski</subfield>
    </datafield>
    <datafield ind1="3" ind2=" " tag="260">
      <subfield code="a">Leipzig</subfield>
      <subfield code="b">Hiersemann</subfield>
      <subfield code="c">1904</subfield>
    </datafield>
    <datafield ind1=" " ind2=" " tag="300">
      <subfield code="a">XXIV, 362 S.</subfield>
      <subfield code="b">40 Taf.</subfield>
      <subfield code="c">4</subfield>
    </datafield>
    <datafield ind1="1" ind2=" " tag="490">
      <subfield code="a">Catalogue général des antiquités égyptiennes du Musée du Caire</subfield>
      <subfield code="v">[Vol. 11]</subfield>
    </datafield>
    <datafield ind1="2" ind2=" " tag="810">
      <subfield code="a">al- Matḥaf al-Miṣrī</subfield>
      <subfield code="g">al-Qāhira</subfield>
      <subfield code="4">aut</subfield>
      <subfield code="t">Catalogue général des antiquités égyptiennes du Musée du Caire</subfield>
      <subfield code="v">[Vol. 11]</subfield>
      <subfield code="w">(DE-101)012532002</subfield>
      <subfield code="w">(DE-600)441756-2</subfield>
      <subfield code="9">211</subfield>
    </datafield>
    <datafield ind1="4" ind2="2" tag="856">
      <subfield code="m">B:DE-101</subfield>
      <subfield code="q">application/pdf</subfield>
      <subfield code="u">http://d-nb.info/361735936/04</subfield>
      <subfield code="3">Inhaltsverzeichnis</subfield>
    </datafield>
  </record>