
  <record>
    <leader>00827nam a2200253 c 4500</leader>
    <controlfield tag="001">361978243</controlfield>
    <controlfield tag="003">DE-101</controlfield>
    <controlfield tag="005">20040831233909.0</controlfield>
    <controlfield tag="007">tu</controlfield>
    <controlfield tag="008">030221s1929    gw |||||r|||| 00||||ger  </controlfield>
    <datafield ind1=" " ind2=" " tag="015">
      <subfield code="a">00,L01</subfield>
      <subfield code="2">dnb</subfield>
    </datafield>
    <datafield ind1="7" ind2=" " tag="016">
      <subfield code="2">DE-101</subfield>
      <subfield code="a">361978243</subfield>
    </datafield>
    <datafield ind1=" " ind2=" " tag="020">
      <subfield code="c">7.50</subfield>
    </datafield>
    <datafield ind1=" " ind2=" " tag="035">
      <subfield code="a">(DE-599)DNB361978243</subfield>
    </datafield>
    <datafield ind1=" " ind2=" " tag="035">
      <subfield code="a">(OCoLC)72676228</subfield>
    </datafield>
    <datafield ind1=" " ind2=" " tag="040">
      <subfield code="a">1140</subfield>
      <subfield code="b">ger</subfield>
      <subfield code="c">DE-101</subfield>
      <subfield code="d">9999</subfield>
    </datafield>
    <datafield ind1=" " ind2=" " tag="041">
      <subfield code="a">ger</subfield>
    </datafield>
    <datafield ind1=" " ind2=" " tag="044">
      <subfield code="c">XA-DE</subfield>
    </datafield>
    <datafield ind1="1" ind2=" " tag="100">
      <subfield code="0">(DE-588)124415687</subfield>
      <subfield code="0">(DE-101)124415687</subfield>
      <subfield code="a">Oesterreich, Traugott Konstantin</subfield>
      <subfield code="d">1880-1949</subfield>
      <subfield code="4">aut</subfield>
    </datafield>
    <datafield ind1="1" ind2="0" tag="245">
      <subfield code="a">Das Mädchen aus der Fremde</subfield>
      <subfield code="b">Ein Fall von Störg d. Persönlichkeit</subfield>
      <subfield code="c">T. K. Oesterreich</subfield>
    </datafield>
    <datafield ind1="3" ind2=" " tag="260">
      <subfield code="a">Stuttgart</subfield>
      <subfield code="b">W. Kohlhammer</subfield>
      <subfield code="c">1929</subfield>
    </datafield>
    <datafield ind1=" " ind2=" " tag="300">
      <subfield code="a">XII, 178 S.</subfield>
      <subfield code="c">gr. 8</subfield>
    </datafield>
    <datafield ind1="1" ind2=" " tag="490">
      <subfield code="a">Beiträge zur Philosophie und Psychologie</subfield>
      <subfield code="v">H. 5</subfield>
    </datafield>
    <datafield ind1=" " ind2="0" tag="830">
      <subfield code="a">Beiträge zur Philosophie und Psychologie</subfield>
      <subfield code="v">H. 5</subfield>
    </datafield>
  </record>