
  <record>
    <leader>01155nam a2200289 c 4500</leader>
    <controlfield tag="001">362073139</controlfield>
    <controlfield tag="003">DE-101</controlfield>
    <controlfield tag="005">20040831233909.0</controlfield>
    <controlfield tag="007">tu</controlfield>
    <controlfield tag="008">030221s1932    gw |||||r|||| 00||||ger  </controlfield>
    <datafield ind1=" " ind2=" " tag="015">
      <subfield code="a">00,L01</subfield>
      <subfield code="2">dnb</subfield>
    </datafield>
    <datafield ind1="7" ind2=" " tag="016">
      <subfield code="2">DE-101</subfield>
      <subfield code="a">362073139</subfield>
    </datafield>
    <datafield ind1=" " ind2=" " tag="020">
      <subfield code="c">16.-</subfield>
    </datafield>
    <datafield ind1=" " ind2=" " tag="035">
      <subfield code="a">(DE-599)DNB362073139</subfield>
    </datafield>
    <datafield ind1=" " ind2=" " tag="035">
      <subfield code="a">(OCoLC)253023998</subfield>
    </datafield>
    <datafield ind1=" " ind2=" " tag="040">
      <subfield code="a">1140</subfield>
      <subfield code="b">ger</subfield>
      <subfield code="c">DE-101</subfield>
      <subfield code="d">9999</subfield>
    </datafield>
    <datafield ind1=" " ind2=" " tag="041">
      <subfield code="a">ger</subfield>
    </datafield>
    <datafield ind1=" " ind2=" " tag="044">
      <subfield code="c">XA-DE</subfield>
    </datafield>
    <datafield ind1="1" ind2=" " tag="100">
      <subfield code="0">(DE-588)101290039</subfield>
      <subfield code="0">(DE-101)101290039</subfield>
      <subfield code="a">Prince, Morton</subfield>
      <subfield code="4">aut</subfield>
    </datafield>
    <datafield ind1="1" ind2="0" tag="245">
      <subfield code="a">Die Spaltung der Persönlichkeit</subfield>
      <subfield code="c">Morton Prince ; Walter F. Prince. Dt. Überst. u. Bibliographie von Willy Herms. Einführg von T. K. Oesterreich</subfield>
    </datafield>
    <datafield ind1="3" ind2=" " tag="260">
      <subfield code="a">Stuttgart</subfield>
      <subfield code="b">Kohlhammer</subfield>
      <subfield code="c">1932</subfield>
    </datafield>
    <datafield ind1=" " ind2=" " tag="300">
      <subfield code="a">XVI, 271 S.</subfield>
      <subfield code="b">Mit 5 Taf. u. mehr. Abb. im Text</subfield>
      <subfield code="c">gr. 8</subfield>
    </datafield>
    <datafield ind1="1" ind2=" " tag="490">
      <subfield code="a">Beiträge zur Philosophie und Psychologie</subfield>
      <subfield code="v">H. 9</subfield>
    </datafield>
    <datafield ind1="1" ind2=" " tag="700">
      <subfield code="0">(DE-588)123652480</subfield>
      <subfield code="0">(DE-101)123652480</subfield>
      <subfield code="a">Prince, Walter Franklin</subfield>
      <subfield code="d">1863-1934</subfield>
      <subfield code="4">aut</subfield>
    </datafield>
    <datafield ind1="1" ind2=" " tag="700">
      <subfield code="0">(DE-588)102335575</subfield>
      <subfield code="0">(DE-101)102335575</subfield>
      <subfield code="a">Herms, Willy</subfield>
      <subfield code="4">cre</subfield>
    </datafield>
    <datafield ind1="1" ind2=" " tag="700">
      <subfield code="0">(DE-588)124415687</subfield>
      <subfield code="0">(DE-101)124415687</subfield>
      <subfield code="a">Oesterreich, Traugott Konstantin</subfield>
      <subfield code="d">1880-1949</subfield>
      <subfield code="4">cre</subfield>
    </datafield>
    <datafield ind1=" " ind2="0" tag="830">
      <subfield code="a">Beiträge zur Philosophie und Psychologie</subfield>
      <subfield code="v">H. 9</subfield>
    </datafield>
  </record>