
  <record>
    <leader>00818nam a2200265 c 4500</leader>
    <controlfield tag="001">362219672</controlfield>
    <controlfield tag="003">DE-101</controlfield>
    <controlfield tag="005">20101201010113.0</controlfield>
    <controlfield tag="007">tu</controlfield>
    <controlfield tag="008">030221s1927    gw |||||r|||| 00||||ger  </controlfield>
    <datafield ind1=" " ind2=" " tag="015">
      <subfield code="a">00,L01</subfield>
      <subfield code="2">dnb</subfield>
    </datafield>
    <datafield ind1="7" ind2=" " tag="016">
      <subfield code="2">DE-101</subfield>
      <subfield code="a">362219672</subfield>
    </datafield>
    <datafield ind1=" " ind2=" " tag="020">
      <subfield code="c">1.20</subfield>
    </datafield>
    <datafield ind1=" " ind2=" " tag="035">
      <subfield code="a">(DE-599)DNB362219672</subfield>
    </datafield>
    <datafield ind1=" " ind2=" " tag="035">
      <subfield code="a">(OCoLC)72702500</subfield>
    </datafield>
    <datafield ind1=" " ind2=" " tag="040">
      <subfield code="a">1140</subfield>
      <subfield code="b">ger</subfield>
      <subfield code="c">DE-101</subfield>
      <subfield code="d">9999</subfield>
    </datafield>
    <datafield ind1=" " ind2=" " tag="041">
      <subfield code="a">ger</subfield>
    </datafield>
    <datafield ind1=" " ind2=" " tag="044">
      <subfield code="c">XA-DE</subfield>
    </datafield>
    <datafield ind1="1" ind2=" " tag="100">
      <subfield code="0">(DE-588)118515829</subfield>
      <subfield code="0">(DE-101)118515829</subfield>
      <subfield code="a">Bruder, Otto</subfield>
      <subfield code="d">1889-1971</subfield>
      <subfield code="4">aut</subfield>
    </datafield>
    <datafield ind1="1" ind2="0" tag="245">
      <subfield code="a">Beowulf</subfield>
      <subfield code="b">Ein heldisches Spiel</subfield>
      <subfield code="c">Otto Bruder. [Vorw.: Rudolf Mirbt]</subfield>
    </datafield>
    <datafield ind1="3" ind2=" " tag="260">
      <subfield code="a">München</subfield>
      <subfield code="b">Ch. Kaiser</subfield>
      <subfield code="c">1927</subfield>
    </datafield>
    <datafield ind1=" " ind2=" " tag="300">
      <subfield code="a">42 S.</subfield>
      <subfield code="c">kl. 8</subfield>
    </datafield>
    <datafield ind1="1" ind2=" " tag="490">
      <subfield code="a">Münchener Laienspiele</subfield>
      <subfield code="v">H. 37</subfield>
    </datafield>
    <datafield ind1="1" ind2=" " tag="700">
      <subfield code="0">(DE-588)118734172</subfield>
      <subfield code="0">(DE-101)118734172</subfield>
      <subfield code="a">Mirbt, Rudolf</subfield>
      <subfield code="d">1896-1974</subfield>
      <subfield code="4">cre</subfield>
    </datafield>
    <datafield ind1=" " ind2="0" tag="830">
      <subfield code="a">Münchener Laienspiele</subfield>
      <subfield code="v">H. 37</subfield>
    </datafield>
  </record>