
  <record>
    <leader>00805nam a2200229 c 4500</leader>
    <controlfield tag="001">362327920</controlfield>
    <controlfield tag="003">DE-101</controlfield>
    <controlfield tag="005">20040313151933.0</controlfield>
    <controlfield tag="007">tu</controlfield>
    <controlfield tag="008">030224s1931    gw |||||r|||| 00||||ger  </controlfield>
    <datafield ind1=" " ind2=" " tag="015">
      <subfield code="a">00,L01</subfield>
      <subfield code="2">dnb</subfield>
    </datafield>
    <datafield ind1="7" ind2=" " tag="016">
      <subfield code="2">DE-101</subfield>
      <subfield code="a">362327920</subfield>
    </datafield>
    <datafield ind1=" " ind2=" " tag="020">
      <subfield code="c">nn 3.40</subfield>
    </datafield>
    <datafield ind1=" " ind2=" " tag="035">
      <subfield code="a">(DE-599)DNB362327920</subfield>
    </datafield>
    <datafield ind1=" " ind2=" " tag="035">
      <subfield code="a">(OCoLC)311529889</subfield>
    </datafield>
    <datafield ind1=" " ind2=" " tag="040">
      <subfield code="a">1140</subfield>
      <subfield code="b">ger</subfield>
      <subfield code="c">DE-101</subfield>
      <subfield code="d">9999</subfield>
    </datafield>
    <datafield ind1=" " ind2=" " tag="041">
      <subfield code="a">ger</subfield>
    </datafield>
    <datafield ind1=" " ind2=" " tag="044">
      <subfield code="c">XA-DE</subfield>
    </datafield>
    <datafield ind1="1" ind2=" " tag="100">
      <subfield code="0">(DE-588)106454757</subfield>
      <subfield code="0">(DE-101)106454757</subfield>
      <subfield code="a">Schmidt, Eugen</subfield>
      <subfield code="4">aut</subfield>
    </datafield>
    <datafield ind1="1" ind2="0" tag="245">
      <subfield code="a">Das Verbrechen als Ausdrucksform sozialer Entmutigung</subfield>
      <subfield code="b">Eine einführende Betrachtg über d. Werden u. d. Behandlg d. kriminellen Persönlichkeit auf Grund d. Erkenntnisse d. modernen Psychologie</subfield>
      <subfield code="c">Eugen Schmidt</subfield>
    </datafield>
    <datafield ind1="3" ind2=" " tag="260">
      <subfield code="a">München</subfield>
      <subfield code="a">Berlin</subfield>
      <subfield code="a">Leipzig</subfield>
      <subfield code="b">Schweitzer Verl.</subfield>
      <subfield code="c">1931</subfield>
    </datafield>
    <datafield ind1=" " ind2=" " tag="300">
      <subfield code="a">80 S.</subfield>
      <subfield code="c">gr. 8</subfield>
    </datafield>
  </record>