
  <record>
    <leader>00850nam a2200253 c 4500</leader>
    <controlfield tag="001">36265445X</controlfield>
    <controlfield tag="003">DE-101</controlfield>
    <controlfield tag="005">20040313164430.0</controlfield>
    <controlfield tag="007">tu</controlfield>
    <controlfield tag="008">030226s1912    gw |||||r|||| 00||||ger  </controlfield>
    <datafield ind1=" " ind2=" " tag="015">
      <subfield code="a">00,L01</subfield>
      <subfield code="2">dnb</subfield>
    </datafield>
    <datafield ind1="7" ind2=" " tag="016">
      <subfield code="2">DE-101</subfield>
      <subfield code="a">36265445X</subfield>
    </datafield>
    <datafield ind1=" " ind2=" " tag="020">
      <subfield code="c">1.50</subfield>
    </datafield>
    <datafield ind1=" " ind2=" " tag="035">
      <subfield code="a">(DE-599)DNB36265445X</subfield>
    </datafield>
    <datafield ind1=" " ind2=" " tag="035">
      <subfield code="a">(OCoLC)248429889</subfield>
    </datafield>
    <datafield ind1=" " ind2=" " tag="040">
      <subfield code="a">1140</subfield>
      <subfield code="b">ger</subfield>
      <subfield code="c">DE-101</subfield>
      <subfield code="d">9999</subfield>
    </datafield>
    <datafield ind1=" " ind2=" " tag="041">
      <subfield code="a">ger</subfield>
    </datafield>
    <datafield ind1=" " ind2=" " tag="044">
      <subfield code="c">XA-DE</subfield>
    </datafield>
    <datafield ind1="1" ind2=" " tag="100">
      <subfield code="0">(DE-588)102246025</subfield>
      <subfield code="0">(DE-101)102246025</subfield>
      <subfield code="a">Schrecker, Paul</subfield>
      <subfield code="4">aut</subfield>
    </datafield>
    <datafield ind1="1" ind2="0" tag="245">
      <subfield code="a">Henri Bergsons Philosophie der Persönlichkeit</subfield>
      <subfield code="b">Ein Essay über analytische und intuitive Psychologie</subfield>
      <subfield code="c">Paul Schrecker</subfield>
    </datafield>
    <datafield ind1="3" ind2=" " tag="260">
      <subfield code="a">München</subfield>
      <subfield code="b">Reinhardt</subfield>
      <subfield code="c">1912</subfield>
    </datafield>
    <datafield ind1=" " ind2=" " tag="300">
      <subfield code="a">61 S.</subfield>
      <subfield code="c">gr. 8</subfield>
    </datafield>
    <datafield ind1="1" ind2=" " tag="490">
      <subfield code="a">Schriften des Vereins für freie psychoanalytische Forschung</subfield>
      <subfield code="v">Nr 3</subfield>
    </datafield>
    <datafield ind1=" " ind2="0" tag="830">
      <subfield code="a">Schriften des Vereins für freie psychoanalytische Forschung</subfield>
      <subfield code="v">Nr 3</subfield>
    </datafield>
  </record>