
  <record>
    <leader>00776nam a2200265 c 4500</leader>
    <controlfield tag="001">362720509</controlfield>
    <controlfield tag="003">DE-101</controlfield>
    <controlfield tag="005">20040313170124.0</controlfield>
    <controlfield tag="007">tu</controlfield>
    <controlfield tag="008">030226s1938    gw |||||r|||| 00||||ger  </controlfield>
    <datafield ind1=" " ind2=" " tag="015">
      <subfield code="a">00,L01</subfield>
      <subfield code="2">dnb</subfield>
    </datafield>
    <datafield ind1="7" ind2=" " tag="016">
      <subfield code="2">DE-101</subfield>
      <subfield code="a">362720509</subfield>
    </datafield>
    <datafield ind1=" " ind2=" " tag="020">
      <subfield code="c">-.30</subfield>
    </datafield>
    <datafield ind1=" " ind2=" " tag="035">
      <subfield code="a">(DE-599)DNB362720509</subfield>
    </datafield>
    <datafield ind1=" " ind2=" " tag="035">
      <subfield code="a">(OCoLC)72751378</subfield>
    </datafield>
    <datafield ind1=" " ind2=" " tag="040">
      <subfield code="a">1140</subfield>
      <subfield code="b">ger</subfield>
      <subfield code="c">DE-101</subfield>
      <subfield code="d">9999</subfield>
    </datafield>
    <datafield ind1=" " ind2=" " tag="041">
      <subfield code="a">ger</subfield>
    </datafield>
    <datafield ind1=" " ind2=" " tag="044">
      <subfield code="c">XA-DE</subfield>
    </datafield>
    <datafield ind1="1" ind2=" " tag="100">
      <subfield code="0">(DE-588)117463957</subfield>
      <subfield code="0">(DE-101)117463957</subfield>
      <subfield code="a">Seidenfaden, Theodor</subfield>
      <subfield code="d">1886-1979</subfield>
      <subfield code="4">aut</subfield>
    </datafield>
    <datafield ind1="1" ind2="0" tag="245">
      <subfield code="a">Beowulf</subfield>
      <subfield code="b">Ein altes Heldenlied</subfield>
      <subfield code="c">Theodor Seidenfaden</subfield>
    </datafield>
    <datafield ind1=" " ind2=" " tag="250">
      <subfield code="a">[Neuausg.]</subfield>
    </datafield>
    <datafield ind1="3" ind2=" " tag="260">
      <subfield code="a">Saarlautern</subfield>
      <subfield code="b">Hausen Verlagsges.</subfield>
      <subfield code="c">1938</subfield>
    </datafield>
    <datafield ind1=" " ind2=" " tag="300">
      <subfield code="a">32 S.</subfield>
      <subfield code="c">8</subfield>
    </datafield>
    <datafield ind1="1" ind2=" " tag="490">
      <subfield code="a">Erbgut deutsches Schrifttums</subfield>
      <subfield code="v">Nr 212/213</subfield>
    </datafield>
    <datafield ind1=" " ind2="0" tag="830">
      <subfield code="a">Erbgut deutsches Schrifttums</subfield>
      <subfield code="v">Nr 212/213</subfield>
    </datafield>
  </record>