
  <record>
    <leader>00881nam a2200253 c 4500</leader>
    <controlfield tag="001">362995567</controlfield>
    <controlfield tag="003">DE-101</controlfield>
    <controlfield tag="005">20100104154719.0</controlfield>
    <controlfield tag="007">tu</controlfield>
    <controlfield tag="008">030226s1910    gw |||||r|||| 00||||ger  </controlfield>
    <datafield ind1=" " ind2=" " tag="015">
      <subfield code="a">00,L01</subfield>
      <subfield code="2">dnb</subfield>
    </datafield>
    <datafield ind1="7" ind2=" " tag="016">
      <subfield code="2">DE-101</subfield>
      <subfield code="a">362995567</subfield>
    </datafield>
    <datafield ind1=" " ind2=" " tag="035">
      <subfield code="a">(DE-599)DNB362995567</subfield>
    </datafield>
    <datafield ind1=" " ind2=" " tag="035">
      <subfield code="a">(OCoLC)718835782</subfield>
    </datafield>
    <datafield ind1=" " ind2=" " tag="040">
      <subfield code="a">1140</subfield>
      <subfield code="b">ger</subfield>
      <subfield code="c">DE-101</subfield>
      <subfield code="d">1240</subfield>
    </datafield>
    <datafield ind1=" " ind2=" " tag="041">
      <subfield code="a">ger</subfield>
    </datafield>
    <datafield ind1=" " ind2=" " tag="044">
      <subfield code="c">XA-DE</subfield>
    </datafield>
    <datafield ind1="1" ind2=" " tag="100">
      <subfield code="0">(DE-588)117103772</subfield>
      <subfield code="0">(DE-101)117103772</subfield>
      <subfield code="a">Wagner, Reinhard</subfield>
      <subfield code="d">1881-1945</subfield>
      <subfield code="4">aut</subfield>
    </datafield>
    <datafield ind1="1" ind2="0" tag="245">
      <subfield code="a">Die Syntax des Superlativs im Gotischen, Altniederdeutschen, Althochdeutschen, Frühmittelhochdeutschen, im Beowulf und in der älteren Edda</subfield>
      <subfield code="c">Von Reinhard Wagner</subfield>
    </datafield>
    <datafield ind1="3" ind2=" " tag="260">
      <subfield code="a">Berlin</subfield>
      <subfield code="b">Mayer Müller</subfield>
      <subfield code="c">1910</subfield>
    </datafield>
    <datafield ind1=" " ind2=" " tag="300">
      <subfield code="a">X, 117 S.</subfield>
      <subfield code="c">8</subfield>
    </datafield>
    <datafield ind1="1" ind2=" " tag="490">
      <subfield code="a">Palaestra</subfield>
      <subfield code="v">91</subfield>
    </datafield>
    <datafield ind1=" " ind2=" " tag="502">
      <subfield code="a">Ersch. auch als Inaug.-Diss. Berlin</subfield>
    </datafield>
    <datafield ind1=" " ind2="0" tag="830">
      <subfield code="a">Palaestra</subfield>
      <subfield code="v">91</subfield>
      <subfield code="w">(DE-101)012642185</subfield>
      <subfield code="w">(DE-600)504375-x</subfield>
      <subfield code="9">291</subfield>
    </datafield>
  </record>