
  <record>
    <leader>01509nam a2200421 c 4500</leader>
    <controlfield tag="001">363003177</controlfield>
    <controlfield tag="003">DE-101</controlfield>
    <controlfield tag="005">20101130090504.0</controlfield>
    <controlfield tag="007">tu</controlfield>
    <controlfield tag="008">030226s1925    gw |||||r|||| 00||||ger  </controlfield>
    <datafield ind1=" " ind2=" " tag="015">
      <subfield code="a">00,L01</subfield>
      <subfield code="2">dnb</subfield>
    </datafield>
    <datafield ind1="7" ind2=" " tag="016">
      <subfield code="2">DE-101</subfield>
      <subfield code="a">363003177</subfield>
    </datafield>
    <datafield ind1=" " ind2=" " tag="020">
      <subfield code="c">Hlw. : 1.85</subfield>
    </datafield>
    <datafield ind1=" " ind2=" " tag="035">
      <subfield code="a">(DE-599)DNB363003177</subfield>
    </datafield>
    <datafield ind1=" " ind2=" " tag="035">
      <subfield code="a">(OCoLC)72786582</subfield>
    </datafield>
    <datafield ind1=" " ind2=" " tag="040">
      <subfield code="a">1140</subfield>
      <subfield code="b">ger</subfield>
      <subfield code="c">DE-101</subfield>
      <subfield code="d">1250</subfield>
    </datafield>
    <datafield ind1=" " ind2=" " tag="041">
      <subfield code="a">ger</subfield>
    </datafield>
    <datafield ind1=" " ind2=" " tag="043">
      <subfield code="c">XT</subfield>
      <subfield code="c">XY</subfield>
    </datafield>
    <datafield ind1=" " ind2=" " tag="044">
      <subfield code="c">XA-DE</subfield>
    </datafield>
    <datafield ind1="7" ind2="4" tag="082">
      <subfield code="a">810</subfield>
      <subfield code="a">B</subfield>
      <subfield code="q">DE-101</subfield>
      <subfield code="2">22sdnb</subfield>
    </datafield>
    <datafield ind1=" " ind2=" " tag="084">
      <subfield code="a">810</subfield>
      <subfield code="a">B</subfield>
      <subfield code="q">DE-101</subfield>
      <subfield code="2">sdnb</subfield>
    </datafield>
    <datafield ind1=" " ind2=" " tag="084">
      <subfield code="a">16.5</subfield>
      <subfield code="q">DE-101</subfield>
      <subfield code="2">sswd</subfield>
    </datafield>
    <datafield ind1="1" ind2=" " tag="100">
      <subfield code="0">(DE-588)11926708X</subfield>
      <subfield code="0">(DE-101)11926708X</subfield>
      <subfield code="a">Wallace, Lew</subfield>
      <subfield code="d">1827-1905</subfield>
      <subfield code="4">aut</subfield>
    </datafield>
    <datafield ind1="1" ind2="0" tag="245">
      <subfield code="a">Ben Hur</subfield>
      <subfield code="b">Eine Erz. aus d. Zeit Christi</subfield>
      <subfield code="c">Lewis Wallace. Neu bearb. von Wilhelm Cremer</subfield>
    </datafield>
    <datafield ind1="3" ind2=" " tag="260">
      <subfield code="a">Berlin</subfield>
      <subfield code="b">Verlag d. Schiller-Buchh.</subfield>
      <subfield code="c">1925, [1925]</subfield>
    </datafield>
    <datafield ind1=" " ind2=" " tag="300">
      <subfield code="a">358 S.</subfield>
      <subfield code="c">8</subfield>
    </datafield>
    <datafield ind1="1" ind2=" " tag="490">
      <subfield code="a">[Die bunten Romane der Weltliteratur]</subfield>
      <subfield code="v">[21]</subfield>
    </datafield>
    <datafield ind1=" " ind2="7" tag="648">
      <subfield code="a">Geschichte 20-60</subfield>
      <subfield code="2">gnd</subfield>
    </datafield>
    <datafield ind1=" " ind2="7" tag="650">
      <subfield code="0">(DE-588)4028808-0</subfield>
      <subfield code="0">(DE-101)040288080</subfield>
      <subfield code="a">Juden</subfield>
      <subfield code="2">gnd</subfield>
    </datafield>
    <datafield ind1=" " ind2="7" tag="651">
      <subfield code="0">(DE-588)4076778-4</subfield>
      <subfield code="0">(DE-101)040767787</subfield>
      <subfield code="a">Römisches Reich</subfield>
      <subfield code="2">gnd</subfield>
    </datafield>
    <datafield ind1=" " ind2="7" tag="655">
      <subfield code="a">Belletristische Darstellung</subfield>
      <subfield code="2">gnd</subfield>
    </datafield>
    <datafield ind1="0" ind2="0" tag="689">
      <subfield code="0">(DE-588)4028808-0</subfield>
      <subfield code="0">(DE-101)040288080</subfield>
      <subfield code="D">s</subfield>
      <subfield code="a">Juden</subfield>
    </datafield>
    <datafield ind1="0" ind2="1" tag="689">
      <subfield code="0">(DE-588)4076778-4</subfield>
      <subfield code="0">(DE-101)040767787</subfield>
      <subfield code="D">g</subfield>
      <subfield code="a">Römisches Reich</subfield>
    </datafield>
    <datafield ind1="0" ind2="2" tag="689">
      <subfield code="A">z</subfield>
      <subfield code="a">Geschichte 20-60</subfield>
    </datafield>
    <datafield ind1="0" ind2="3" tag="689">
      <subfield code="A">f</subfield>
      <subfield code="a">Belletristische Darstellung</subfield>
    </datafield>
    <datafield ind1="0" ind2=" " tag="689">
      <subfield code="5">DE-101</subfield>
      <subfield code="5">DE-101</subfield>
    </datafield>
    <datafield ind1="1" ind2=" " tag="700">
      <subfield code="0">(DE-588)11672563X</subfield>
      <subfield code="0">(DE-101)11672563X</subfield>
      <subfield code="a">Cremer, Wilhelm</subfield>
      <subfield code="d">1874-1932</subfield>
      <subfield code="4">cre</subfield>
    </datafield>
    <datafield ind1=" " ind2="0" tag="830">
      <subfield code="a">[Die bunten Romane der Weltliteratur]</subfield>
      <subfield code="v">[21]</subfield>
      <subfield code="9">221</subfield>
    </datafield>
  </record>