
  <record>
    <leader>00847nam a2200253 c 4500</leader>
    <controlfield tag="001">363049479</controlfield>
    <controlfield tag="003">DE-101</controlfield>
    <controlfield tag="005">20040313183001.0</controlfield>
    <controlfield tag="007">tu</controlfield>
    <controlfield tag="008">030226s1927    gw |||||r|||| 00||||ger  </controlfield>
    <datafield ind1=" " ind2=" " tag="015">
      <subfield code="a">00,L01</subfield>
      <subfield code="2">dnb</subfield>
    </datafield>
    <datafield ind1="7" ind2=" " tag="016">
      <subfield code="2">DE-101</subfield>
      <subfield code="a">363049479</subfield>
    </datafield>
    <datafield ind1=" " ind2=" " tag="020">
      <subfield code="c">3.-; 14 Rollenex. n.n. 20.-; Klavierauszug 3.-</subfield>
    </datafield>
    <datafield ind1=" " ind2=" " tag="035">
      <subfield code="a">(DE-599)DNB363049479</subfield>
    </datafield>
    <datafield ind1=" " ind2=" " tag="035">
      <subfield code="a">(OCoLC)72791090</subfield>
    </datafield>
    <datafield ind1=" " ind2=" " tag="040">
      <subfield code="a">1140</subfield>
      <subfield code="b">ger</subfield>
      <subfield code="c">DE-101</subfield>
      <subfield code="d">9999</subfield>
    </datafield>
    <datafield ind1=" " ind2=" " tag="041">
      <subfield code="a">ger</subfield>
    </datafield>
    <datafield ind1=" " ind2=" " tag="044">
      <subfield code="c">XA-DE</subfield>
    </datafield>
    <datafield ind1="1" ind2=" " tag="100">
      <subfield code="0">(DE-588)117285692</subfield>
      <subfield code="0">(DE-101)117285692</subfield>
      <subfield code="a">Wendt, Johannes</subfield>
      <subfield code="d">1874-</subfield>
      <subfield code="4">aut</subfield>
    </datafield>
    <datafield ind1="1" ind2="0" tag="245">
      <subfield code="a">Der kleine Muck</subfield>
      <subfield code="b">Ein Märchensp. (nach Wilhelm Hauff) mit Sing- u. Tanzweisen in 6 Bildern, e. Vor- u. Nachspiel</subfield>
      <subfield code="c">Johannes Wendt</subfield>
    </datafield>
    <datafield ind1="3" ind2=" " tag="260">
      <subfield code="a">Leipzig</subfield>
      <subfield code="b">Gustav Richter</subfield>
      <subfield code="c">1927, [1927]</subfield>
    </datafield>
    <datafield ind1=" " ind2=" " tag="300">
      <subfield code="a">68 S.</subfield>
      <subfield code="c">8</subfield>
    </datafield>
    <datafield ind1="1" ind2=" " tag="490">
      <subfield code="a">Richters Jugendbühne</subfield>
      <subfield code="v">Nr 21</subfield>
    </datafield>
    <datafield ind1=" " ind2="0" tag="830">
      <subfield code="a">Richters Jugendbühne</subfield>
      <subfield code="v">Nr 21</subfield>
    </datafield>
  </record>