
  <record>
    <leader>00848nam a2200253 cb4500</leader>
    <controlfield tag="001">363604243</controlfield>
    <controlfield tag="003">DE-101</controlfield>
    <controlfield tag="005">20040313203424.0</controlfield>
    <controlfield tag="007">tu</controlfield>
    <controlfield tag="008">030304s1928    gw |||||r|||| 00||||ger  </controlfield>
    <datafield ind1=" " ind2=" " tag="015">
      <subfield code="a">00,L01</subfield>
      <subfield code="2">dnb</subfield>
    </datafield>
    <datafield ind1="7" ind2=" " tag="016">
      <subfield code="2">DE-101</subfield>
      <subfield code="a">363604243</subfield>
    </datafield>
    <datafield ind1=" " ind2=" " tag="020">
      <subfield code="c">n.n. 12.-</subfield>
    </datafield>
    <datafield ind1=" " ind2=" " tag="035">
      <subfield code="a">(DE-599)DNB363604243</subfield>
    </datafield>
    <datafield ind1=" " ind2=" " tag="035">
      <subfield code="a">(OCoLC)72849535</subfield>
    </datafield>
    <datafield ind1=" " ind2=" " tag="040">
      <subfield code="a">1140</subfield>
      <subfield code="b">ger</subfield>
      <subfield code="c">DE-101</subfield>
      <subfield code="d">9999</subfield>
    </datafield>
    <datafield ind1=" " ind2=" " tag="041">
      <subfield code="a">ger</subfield>
    </datafield>
    <datafield ind1=" " ind2=" " tag="044">
      <subfield code="c">XA-DE</subfield>
    </datafield>
    <datafield ind1="1" ind2=" " tag="100">
      <subfield code="0">(DE-588)116619716</subfield>
      <subfield code="0">(DE-101)116619716</subfield>
      <subfield code="a">Giese, Fritz</subfield>
      <subfield code="d">1890-1935</subfield>
      <subfield code="4">aut</subfield>
    </datafield>
    <datafield ind1="1" ind2="0" tag="245">
      <subfield code="a">Die öffentliche Persönlichkeit</subfield>
      <subfield code="b">Statist. Untersuchgn an geist. Führern d. Gegenwart</subfield>
      <subfield code="c">Fritz Giese</subfield>
    </datafield>
    <datafield ind1="3" ind2=" " tag="260">
      <subfield code="a">Leipzig</subfield>
      <subfield code="b">Joh. Ambr. Barth</subfield>
      <subfield code="c">1928</subfield>
    </datafield>
    <datafield ind1=" " ind2=" " tag="300">
      <subfield code="a">V, 249 S.</subfield>
      <subfield code="b">Mit 4 Abb. im Text</subfield>
      <subfield code="c">gr. 8</subfield>
    </datafield>
    <datafield ind1="1" ind2=" " tag="490">
      <subfield code="a">Zeitschrift für angewandte Psychologie</subfield>
      <subfield code="v">Beih. 44</subfield>
    </datafield>
    <datafield ind1=" " ind2="0" tag="830">
      <subfield code="a">Zeitschrift für angewandte Psychologie</subfield>
      <subfield code="v">Beih. 44</subfield>
    </datafield>
  </record>