
  <record>
    <leader>00798nam a2200253 c 4500</leader>
    <controlfield tag="001">363779418</controlfield>
    <controlfield tag="003">DE-101</controlfield>
    <controlfield tag="005">20040313210101.0</controlfield>
    <controlfield tag="007">tu</controlfield>
    <controlfield tag="008">030304s1948    gw |||||r|||| 00||||ger  </controlfield>
    <datafield ind1=" " ind2=" " tag="015">
      <subfield code="a">00,L01</subfield>
      <subfield code="2">dnb</subfield>
    </datafield>
    <datafield ind1="7" ind2=" " tag="016">
      <subfield code="2">DE-101</subfield>
      <subfield code="a">363779418</subfield>
    </datafield>
    <datafield ind1=" " ind2=" " tag="020">
      <subfield code="c">Hlw. : 8.80</subfield>
    </datafield>
    <datafield ind1=" " ind2=" " tag="035">
      <subfield code="a">(DE-599)DNB363779418</subfield>
    </datafield>
    <datafield ind1=" " ind2=" " tag="035">
      <subfield code="a">(OCoLC)72872147</subfield>
    </datafield>
    <datafield ind1=" " ind2=" " tag="040">
      <subfield code="a">1140</subfield>
      <subfield code="b">ger</subfield>
      <subfield code="c">DE-101</subfield>
      <subfield code="d">9999</subfield>
    </datafield>
    <datafield ind1=" " ind2=" " tag="041">
      <subfield code="a">ger</subfield>
    </datafield>
    <datafield ind1=" " ind2=" " tag="044">
      <subfield code="c">XA-DE</subfield>
    </datafield>
    <datafield ind1="1" ind2="0" tag="245">
      <subfield code="a">Die Geschichte von dem kleinen Muck</subfield>
      <subfield code="c">Frei nach Wilhelm Hauff. [Zeichngn v. Wigg Siegl]</subfield>
    </datafield>
    <datafield ind1="3" ind2=" " tag="260">
      <subfield code="a">München</subfield>
      <subfield code="b">Geppert</subfield>
      <subfield code="c">1948, [1948]</subfield>
    </datafield>
    <datafield ind1=" " ind2=" " tag="300">
      <subfield code="a">9 Bl. auf Karton</subfield>
      <subfield code="b">mit bewegl. Fig.</subfield>
      <subfield code="c">15 x 17 cm</subfield>
    </datafield>
    <datafield ind1="1" ind2=" " tag="490">
      <subfield code="a">Das lebende Bilderbuch</subfield>
      <subfield code="v">Bd. 1</subfield>
    </datafield>
    <datafield ind1="1" ind2=" " tag="700">
      <subfield code="0">(DE-588)118765213</subfield>
      <subfield code="0">(DE-101)118765213</subfield>
      <subfield code="a">Siegl, Wigg</subfield>
      <subfield code="d">1911-</subfield>
      <subfield code="4">cre</subfield>
    </datafield>
    <datafield ind1=" " ind2="0" tag="830">
      <subfield code="a">Das lebende Bilderbuch</subfield>
      <subfield code="v">Bd. 1</subfield>
    </datafield>
  </record>