
  <record>
    <leader>00999nam a2200253 cb4500</leader>
    <controlfield tag="001">363951008</controlfield>
    <controlfield tag="003">DE-101</controlfield>
    <controlfield tag="005">20040313212937.0</controlfield>
    <controlfield tag="007">tu</controlfield>
    <controlfield tag="008">030321s1935    gw |||||r|||| 00||||ger  </controlfield>
    <datafield ind1=" " ind2=" " tag="015">
      <subfield code="a">00,L01</subfield>
      <subfield code="2">dnb</subfield>
    </datafield>
    <datafield ind1="7" ind2=" " tag="016">
      <subfield code="2">DE-101</subfield>
      <subfield code="a">363951008</subfield>
    </datafield>
    <datafield ind1=" " ind2=" " tag="020">
      <subfield code="c">nn 2.-</subfield>
    </datafield>
    <datafield ind1=" " ind2=" " tag="035">
      <subfield code="a">(DE-599)DNB363951008</subfield>
    </datafield>
    <datafield ind1=" " ind2=" " tag="035">
      <subfield code="a">(OCoLC)718913244</subfield>
    </datafield>
    <datafield ind1=" " ind2=" " tag="040">
      <subfield code="a">1140</subfield>
      <subfield code="b">ger</subfield>
      <subfield code="c">DE-101</subfield>
      <subfield code="d">9999</subfield>
    </datafield>
    <datafield ind1=" " ind2=" " tag="041">
      <subfield code="a">ger</subfield>
    </datafield>
    <datafield ind1=" " ind2=" " tag="044">
      <subfield code="c">XA-DE</subfield>
    </datafield>
    <datafield ind1="1" ind2=" " tag="100">
      <subfield code="0">(DE-588)101287240</subfield>
      <subfield code="0">(DE-101)101287240</subfield>
      <subfield code="a">Hartmann, Anneliese</subfield>
      <subfield code="4">aut</subfield>
    </datafield>
    <datafield ind1="1" ind2="0" tag="245">
      <subfield code="a">Über den Einfluß des Rhythmus auf die Flimmergrenze und ihre Beziehung zum Typus der Persönlichkeit</subfield>
      <subfield code="b">[Aus d. Psychol. Inst. d. Univ. Göttingen]</subfield>
      <subfield code="c">Anneliese Hartmann</subfield>
    </datafield>
    <datafield ind1="3" ind2=" " tag="260">
      <subfield code="a">Göttingen</subfield>
      <subfield code="b">Akad. Buchh. Calvör</subfield>
      <subfield code="c">1935</subfield>
    </datafield>
    <datafield ind1=" " ind2=" " tag="300">
      <subfield code="a">34 S.</subfield>
      <subfield code="b">mit Fig.</subfield>
      <subfield code="c">gr. 8 [Umschlagt.] [Maschinenschr. autogr.]</subfield>
    </datafield>
    <datafield ind1="1" ind2=" " tag="490">
      <subfield code="a">Untersuchungen zur Psychologie, Philosophie und Pädagogik</subfield>
      <subfield code="v">N. F. Bd. 10 (, H. 3)</subfield>
    </datafield>
    <datafield ind1=" " ind2="0" tag="830">
      <subfield code="a">Untersuchungen zur Psychologie, Philosophie und Pädagogik</subfield>
      <subfield code="v">N. F. Bd. 10 (, H. 3)</subfield>
    </datafield>
  </record>