
  <record>
    <leader>00716nam a2200253 c 4500</leader>
    <controlfield tag="001">364799757</controlfield>
    <controlfield tag="003">DE-101</controlfield>
    <controlfield tag="005">20040314000335.0</controlfield>
    <controlfield tag="007">tu</controlfield>
    <controlfield tag="008">030321s1961    gw |||||r|||| 00||||ger  </controlfield>
    <datafield ind1=" " ind2=" " tag="015">
      <subfield code="a">00,L01</subfield>
      <subfield code="2">dnb</subfield>
    </datafield>
    <datafield ind1="7" ind2=" " tag="016">
      <subfield code="2">DE-101</subfield>
      <subfield code="a">364799757</subfield>
    </datafield>
    <datafield ind1=" " ind2=" " tag="020">
      <subfield code="c">S 12.-</subfield>
    </datafield>
    <datafield ind1=" " ind2=" " tag="035">
      <subfield code="a">(DE-599)DNB364799757</subfield>
    </datafield>
    <datafield ind1=" " ind2=" " tag="035">
      <subfield code="a">(OCoLC)718851951</subfield>
    </datafield>
    <datafield ind1=" " ind2=" " tag="040">
      <subfield code="a">1140</subfield>
      <subfield code="b">ger</subfield>
      <subfield code="c">DE-101</subfield>
      <subfield code="d">9999</subfield>
    </datafield>
    <datafield ind1=" " ind2=" " tag="041">
      <subfield code="a">ger</subfield>
    </datafield>
    <datafield ind1=" " ind2=" " tag="044">
      <subfield code="c">XA-DE</subfield>
    </datafield>
    <datafield ind1="1" ind2=" " tag="100">
      <subfield code="0">(DE-588)121825663</subfield>
      <subfield code="0">(DE-101)121825663</subfield>
      <subfield code="a">Wild, Friedrich</subfield>
      <subfield code="4">aut</subfield>
    </datafield>
    <datafield ind1="1" ind2="0" tag="245">
      <subfield code="a">Beowulf und die Waegmundinge</subfield>
      <subfield code="c">Friedrich Wild</subfield>
    </datafield>
    <datafield ind1="3" ind2=" " tag="260">
      <subfield code="a">Wien</subfield>
      <subfield code="b">Verband d. österreichischen Neuphilologen</subfield>
      <subfield code="c">1961</subfield>
    </datafield>
    <datafield ind1=" " ind2=" " tag="300">
      <subfield code="a">22 S.</subfield>
      <subfield code="c">gr. 8</subfield>
    </datafield>
    <datafield ind1="1" ind2=" " tag="490">
      <subfield code="a">Moderne Sprachen</subfield>
      <subfield code="v">H. 6</subfield>
    </datafield>
    <datafield ind1=" " ind2="0" tag="830">
      <subfield code="a">Moderne Sprachen</subfield>
      <subfield code="v">H. 6</subfield>
    </datafield>
  </record>