
  <record>
    <leader>00901nam a2200253 cc4500</leader>
    <controlfield tag="001">364925469</controlfield>
    <controlfield tag="003">DE-101</controlfield>
    <controlfield tag="005">20071024185711.0</controlfield>
    <controlfield tag="007">tu</controlfield>
    <controlfield tag="008">030624s1953    gw |||||r|||| 00||||ger  </controlfield>
    <datafield ind1=" " ind2=" " tag="015">
      <subfield code="a">00,L01</subfield>
      <subfield code="2">dnb</subfield>
    </datafield>
    <datafield ind1="7" ind2=" " tag="016">
      <subfield code="2">DE-101</subfield>
      <subfield code="a">364925469</subfield>
    </datafield>
    <datafield ind1=" " ind2=" " tag="035">
      <subfield code="a">(DE-599)DNB364925469</subfield>
    </datafield>
    <datafield ind1=" " ind2=" " tag="035">
      <subfield code="a">(OCoLC)718916002</subfield>
    </datafield>
    <datafield ind1=" " ind2=" " tag="040">
      <subfield code="a">1140</subfield>
      <subfield code="b">ger</subfield>
      <subfield code="c">DE-101</subfield>
      <subfield code="d">1260</subfield>
    </datafield>
    <datafield ind1=" " ind2=" " tag="041">
      <subfield code="a">ger</subfield>
    </datafield>
    <datafield ind1=" " ind2=" " tag="044">
      <subfield code="c">XA-DE</subfield>
    </datafield>
    <datafield ind1="7" ind2="4" tag="082">
      <subfield code="q">DE-101</subfield>
      <subfield code="2">22sdnb</subfield>
    </datafield>
    <datafield ind1="1" ind2="0" tag="245">
      <subfield code="a">Ausbildungsunterlagen für die volkseigene Wirtschaft</subfield>
      <subfield code="n">Reihe 14.</subfield>
      <subfield code="p">Studienanleitung für die Lehrerweiterbildung</subfield>
      <subfield code="n">3.</subfield>
      <subfield code="p">Erziehungswiss. - Psychologie</subfield>
      <subfield code="n">Nr. 14. Thema 4, Gruppe B.</subfield>
      <subfield code="p">Die psychischen Eigenschaften der Persönlichkeit</subfield>
      <subfield code="c">Staatssekretariat für Berufsausbildung, Berlin</subfield>
    </datafield>
    <datafield ind1=" " ind2=" " tag="250">
      <subfield code="a">1.-9. Tsd.</subfield>
    </datafield>
    <datafield ind1=" " ind2=" " tag="259">
      <subfield code="a">11  19</subfield>
    </datafield>
    <datafield ind1="3" ind2=" " tag="260">
      <subfield code="a">Berlin</subfield>
      <subfield code="a">Leipzig</subfield>
      <subfield code="b">Volk u. Wissen Verl.</subfield>
      <subfield code="c">1953, [19]53</subfield>
    </datafield>
    <datafield ind1=" " ind2=" " tag="300">
      <subfield code="a">11 S.</subfield>
      <subfield code="c">8</subfield>
    </datafield>
    <datafield ind1="0" ind2="8" tag="773">
      <subfield code="q">214 13 214 14b</subfield>
      <subfield code="w">(DE-101)450177254</subfield>
    </datafield>
  </record>