
  <record>
    <leader>00918nam a2200253 cb4500</leader>
    <controlfield tag="001">365601594</controlfield>
    <controlfield tag="003">DE-101</controlfield>
    <controlfield tag="005">20070425010608.0</controlfield>
    <controlfield tag="007">tu</controlfield>
    <controlfield tag="008">030915s1937    gw |||||r|||| 00||||ger  </controlfield>
    <datafield ind1=" " ind2=" " tag="015">
      <subfield code="a">00,L01</subfield>
      <subfield code="2">dnb</subfield>
    </datafield>
    <datafield ind1="7" ind2=" " tag="016">
      <subfield code="2">DE-101</subfield>
      <subfield code="a">365601594</subfield>
    </datafield>
    <datafield ind1=" " ind2=" " tag="020">
      <subfield code="c">nn 12.-</subfield>
    </datafield>
    <datafield ind1=" " ind2=" " tag="035">
      <subfield code="a">(DE-599)DNB365601594</subfield>
    </datafield>
    <datafield ind1=" " ind2=" " tag="035">
      <subfield code="a">(OCoLC)611158354</subfield>
    </datafield>
    <datafield ind1=" " ind2=" " tag="040">
      <subfield code="a">1140</subfield>
      <subfield code="b">ger</subfield>
      <subfield code="c">DE-101</subfield>
      <subfield code="d">9999</subfield>
    </datafield>
    <datafield ind1=" " ind2=" " tag="041">
      <subfield code="a">ger</subfield>
    </datafield>
    <datafield ind1=" " ind2=" " tag="044">
      <subfield code="c">XA-DE</subfield>
    </datafield>
    <datafield ind1="1" ind2="0" tag="245">
      <subfield code="a">Persönlichkeit und Kindesalter samt einer Theorie der Persönlichkeit</subfield>
      <subfield code="c">Von F. E. Otto Schultze [u. a.]</subfield>
    </datafield>
    <datafield ind1="3" ind2=" " tag="260">
      <subfield code="a">Leipzig</subfield>
      <subfield code="b">J. A. Barth</subfield>
      <subfield code="c">1937</subfield>
    </datafield>
    <datafield ind1=" " ind2=" " tag="300">
      <subfield code="a">V, 185 S.</subfield>
      <subfield code="b">Mit 2 Abb. im Text</subfield>
      <subfield code="c">gr. 8</subfield>
    </datafield>
    <datafield ind1="1" ind2=" " tag="490">
      <subfield code="a">Zeitschrift für angewandte Psychologie und Charakterkunde : Beihefte</subfield>
      <subfield code="v">Beih. 78</subfield>
    </datafield>
    <datafield ind1="1" ind2=" " tag="700">
      <subfield code="0">(DE-588)117222666</subfield>
      <subfield code="0">(DE-101)117222666</subfield>
      <subfield code="a">Schultze, Friedrich Emil Otto</subfield>
      <subfield code="d">1872-1950</subfield>
      <subfield code="4">cre</subfield>
    </datafield>
    <datafield ind1=" " ind2="0" tag="830">
      <subfield code="a">Zeitschrift für angewandte Psychologie und Charakterkunde : Beihefte</subfield>
      <subfield code="v">Beih. 78</subfield>
    </datafield>
  </record>