
  <record>
    <leader>00902nam a2200241 cb4500</leader>
    <controlfield tag="001">367411598</controlfield>
    <controlfield tag="003">DE-101</controlfield>
    <controlfield tag="005">20060222182248.0</controlfield>
    <controlfield tag="007">tu</controlfield>
    <controlfield tag="008">041111s1968    gw |||||r|||| 00||||ger  </controlfield>
    <datafield ind1=" " ind2=" " tag="015">
      <subfield code="a">00,L01</subfield>
      <subfield code="2">dnb</subfield>
    </datafield>
    <datafield ind1="7" ind2=" " tag="016">
      <subfield code="2">DE-101</subfield>
      <subfield code="a">367411598</subfield>
    </datafield>
    <datafield ind1=" " ind2=" " tag="035">
      <subfield code="a">(DE-599)DNB367411598</subfield>
    </datafield>
    <datafield ind1=" " ind2=" " tag="035">
      <subfield code="a">(OCoLC)719213797</subfield>
    </datafield>
    <datafield ind1=" " ind2=" " tag="040">
      <subfield code="a">1145</subfield>
      <subfield code="b">ger</subfield>
      <subfield code="c">DE-101</subfield>
      <subfield code="d">9999</subfield>
    </datafield>
    <datafield ind1=" " ind2=" " tag="041">
      <subfield code="a">ger</subfield>
    </datafield>
    <datafield ind1=" " ind2=" " tag="044">
      <subfield code="c">XA-DE</subfield>
    </datafield>
    <datafield ind1="1" ind2="0" tag="245">
      <subfield code="a">Draußen vor der Tür</subfield>
      <subfield code="c">[Hrsg. v. Peter Schlaich]</subfield>
    </datafield>
    <datafield ind1="3" ind2=" " tag="260">
      <subfield code="a">Stetten i. R.</subfield>
      <subfield code="b">Heil- u. Pflegeanstalt f. Schwachsinnige u. Epileptische</subfield>
      <subfield code="c">1968</subfield>
    </datafield>
    <datafield ind1=" " ind2=" " tag="300">
      <subfield code="a">39 S.</subfield>
      <subfield code="c">8</subfield>
    </datafield>
    <datafield ind1="1" ind2=" " tag="490">
      <subfield code="a">Jahresbericht der Heil- und Pflegeanstalt für Schwachsinnige und Epileptische in Stetten im Remstal</subfield>
      <subfield code="v">119. 1967/68</subfield>
    </datafield>
    <datafield ind1="1" ind2=" " tag="700">
      <subfield code="0">(DE-588)114550158</subfield>
      <subfield code="0">(DE-101)114550158</subfield>
      <subfield code="a">Schlaich, Peter</subfield>
      <subfield code="4">cre</subfield>
    </datafield>
    <datafield ind1=" " ind2="0" tag="830">
      <subfield code="a">Jahresbericht der Heil- und Pflegeanstalt für Schwachsinnige und Epileptische in Stetten im Remstal</subfield>
      <subfield code="v">119. 1967/68</subfield>
    </datafield>
  </record>