
  <record>
    <leader>00734nam a2200241 cb4500</leader>
    <controlfield tag="001">367508036</controlfield>
    <controlfield tag="003">DE-101</controlfield>
    <controlfield tag="005">20050613144226.0</controlfield>
    <controlfield tag="007">tu</controlfield>
    <controlfield tag="008">041111s1962    gw |||||r|||| 00||||ger  </controlfield>
    <datafield ind1=" " ind2=" " tag="015">
      <subfield code="a">00,L01</subfield>
      <subfield code="2">dnb</subfield>
    </datafield>
    <datafield ind1="7" ind2=" " tag="016">
      <subfield code="2">DE-101</subfield>
      <subfield code="a">367508036</subfield>
    </datafield>
    <datafield ind1=" " ind2=" " tag="020">
      <subfield code="c">Pp. : dkr 31.50</subfield>
    </datafield>
    <datafield ind1=" " ind2=" " tag="035">
      <subfield code="a">(DE-599)DNB367508036</subfield>
    </datafield>
    <datafield ind1=" " ind2=" " tag="035">
      <subfield code="a">(OCoLC)247125428</subfield>
    </datafield>
    <datafield ind1=" " ind2=" " tag="040">
      <subfield code="a">1145</subfield>
      <subfield code="b">ger</subfield>
      <subfield code="c">DE-101</subfield>
      <subfield code="d">9999</subfield>
    </datafield>
    <datafield ind1=" " ind2=" " tag="041">
      <subfield code="a">ger</subfield>
    </datafield>
    <datafield ind1=" " ind2=" " tag="044">
      <subfield code="c">XA-DE</subfield>
    </datafield>
    <datafield ind1="1" ind2="0" tag="245">
      <subfield code="a">Personality Research</subfield>
      <subfield code="c">Introd. by Stanley Coopersmith</subfield>
    </datafield>
    <datafield ind1="3" ind2=" " tag="260">
      <subfield code="a">Copenhagen</subfield>
      <subfield code="b">Munksgaard</subfield>
      <subfield code="c">1962</subfield>
    </datafield>
    <datafield ind1=" " ind2=" " tag="300">
      <subfield code="a">229 S.</subfield>
      <subfield code="c">8</subfield>
    </datafield>
    <datafield ind1="1" ind2=" " tag="490">
      <subfield code="a">Proceedings of the International Congress of Applied Psychology</subfield>
      <subfield code="v">14, Vol. 2</subfield>
    </datafield>
    <datafield ind1=" " ind2="0" tag="830">
      <subfield code="a">Proceedings of the International Congress of Applied Psychology</subfield>
      <subfield code="v">14, Vol. 2</subfield>
    </datafield>
  </record>