
  <record>
    <leader>01088nam a2200265 cb4500</leader>
    <controlfield tag="001">36752158X</controlfield>
    <controlfield tag="003">DE-101</controlfield>
    <controlfield tag="005">20100120010058.0</controlfield>
    <controlfield tag="007">tu</controlfield>
    <controlfield tag="008">041111s1964    gw |||||r|||| 00||||ger  </controlfield>
    <datafield ind1=" " ind2=" " tag="015">
      <subfield code="a">00,L01</subfield>
      <subfield code="2">dnb</subfield>
    </datafield>
    <datafield ind1="7" ind2=" " tag="016">
      <subfield code="2">DE-101</subfield>
      <subfield code="a">36752158X</subfield>
    </datafield>
    <datafield ind1=" " ind2=" " tag="020">
      <subfield code="c">Im Abonn. eingeschl.</subfield>
    </datafield>
    <datafield ind1=" " ind2=" " tag="035">
      <subfield code="a">(DE-599)DNB36752158X</subfield>
    </datafield>
    <datafield ind1=" " ind2=" " tag="035">
      <subfield code="a">(OCoLC)719282402</subfield>
    </datafield>
    <datafield ind1=" " ind2=" " tag="040">
      <subfield code="a">1145</subfield>
      <subfield code="b">ger</subfield>
      <subfield code="c">DE-101</subfield>
      <subfield code="d">9999</subfield>
    </datafield>
    <datafield ind1=" " ind2=" " tag="041">
      <subfield code="a">ger</subfield>
    </datafield>
    <datafield ind1=" " ind2=" " tag="044">
      <subfield code="c">XA-DE</subfield>
    </datafield>
    <datafield ind1="1" ind2=" " tag="100">
      <subfield code="0">(DE-588)118614312</subfield>
      <subfield code="0">(DE-101)118614312</subfield>
      <subfield code="a">Silberschmidt, Max</subfield>
      <subfield code="d">1899-1989</subfield>
      <subfield code="4">aut</subfield>
    </datafield>
    <datafield ind1="1" ind2="0" tag="245">
      <subfield code="a">Winston S. Churchill - Leader der freien Welt</subfield>
      <subfield code="b">Versuch e. Würdigg s. Persönlichkeit anläßl. s. 90. Geburtstages am 30. Nov. 1964</subfield>
      <subfield code="c">Max Silberschmidt</subfield>
    </datafield>
    <datafield ind1="3" ind2=" " tag="260">
      <subfield code="a">[Zürich]</subfield>
      <subfield code="b">[Gesellschaft Schweizer Monatshefte]</subfield>
      <subfield code="c">1964</subfield>
    </datafield>
    <datafield ind1=" " ind2=" " tag="300">
      <subfield code="a">23 S.</subfield>
      <subfield code="c">8 [Umschlagt.]</subfield>
    </datafield>
    <datafield ind1="1" ind2=" " tag="490">
      <subfield code="a">Schweizer Monatshefte für Politik, Wirtschaft, Kultur</subfield>
      <subfield code="v">Jahr 44. 1964, H. 9, Sonderbeil.</subfield>
    </datafield>
    <datafield ind1="1" ind2=" " tag="700">
      <subfield code="0">(DE-588)104328304</subfield>
      <subfield code="0">(DE-101)104328304</subfield>
      <subfield code="a">Churchill, Winston S.</subfield>
      <subfield code="d">1940-2010</subfield>
      <subfield code="4">cre</subfield>
    </datafield>
    <datafield ind1=" " ind2="0" tag="830">
      <subfield code="a">Schweizer Monatshefte für Politik, Wirtschaft, Kultur</subfield>
      <subfield code="v">Jahr 44. 1964, H. 9, Sonderbeil.</subfield>
    </datafield>
  </record>