
  <record>
    <leader>00724nam a2200241 cc4500</leader>
    <controlfield tag="001">367654652</controlfield>
    <controlfield tag="003">DE-101</controlfield>
    <controlfield tag="005">20050613150549.0</controlfield>
    <controlfield tag="007">tu</controlfield>
    <controlfield tag="008">041111s1967    gw |||||r|||| 00||||ger  </controlfield>
    <datafield ind1=" " ind2=" " tag="015">
      <subfield code="a">00,L01</subfield>
      <subfield code="2">dnb</subfield>
    </datafield>
    <datafield ind1="7" ind2=" " tag="016">
      <subfield code="2">DE-101</subfield>
      <subfield code="a">367654652</subfield>
    </datafield>
    <datafield ind1=" " ind2=" " tag="020">
      <subfield code="c">2.50</subfield>
    </datafield>
    <datafield ind1=" " ind2=" " tag="035">
      <subfield code="a">(DE-599)DNB367654652</subfield>
    </datafield>
    <datafield ind1=" " ind2=" " tag="035">
      <subfield code="a">(OCoLC)73170556</subfield>
    </datafield>
    <datafield ind1=" " ind2=" " tag="040">
      <subfield code="a">1145</subfield>
      <subfield code="b">ger</subfield>
      <subfield code="c">DE-101</subfield>
      <subfield code="d">9999</subfield>
    </datafield>
    <datafield ind1=" " ind2=" " tag="041">
      <subfield code="a">ger</subfield>
    </datafield>
    <datafield ind1=" " ind2=" " tag="044">
      <subfield code="c">XA-DE</subfield>
    </datafield>
    <datafield ind1="7" ind2="4" tag="082">
      <subfield code="q">DE-101</subfield>
      <subfield code="2">22sdnb</subfield>
    </datafield>
    <datafield ind1="1" ind2="0" tag="245">
      <subfield code="a">Psychologie</subfield>
      <subfield code="n">H. 2.</subfield>
      <subfield code="p">Thema 1: Psychologie d. Persönlichkeit [u. a.]</subfield>
      <subfield code="c">Überarb. durch O. Mulkau</subfield>
    </datafield>
    <datafield ind1="3" ind2=" " tag="260">
      <subfield code="a">Leipzig</subfield>
      <subfield code="b">Zentralstelle f. Berufsbildung u. Studienmaterialien [d.] Ministerium[s] f. Bauwesen</subfield>
      <subfield code="c">1967</subfield>
    </datafield>
    <datafield ind1=" " ind2=" " tag="300">
      <subfield code="a">56 S.</subfield>
      <subfield code="b">mit Abb.</subfield>
    </datafield>
    <datafield ind1="0" ind2="8" tag="773">
      <subfield code="w">(DE-101)560803052</subfield>
    </datafield>
  </record>