
  <record>
    <leader>00841nam a2200241 c 4500</leader>
    <controlfield tag="001">368798267</controlfield>
    <controlfield tag="003">DE-101</controlfield>
    <controlfield tag="005">20100827112019.0</controlfield>
    <controlfield tag="007">tu</controlfield>
    <controlfield tag="008">050426s1920    gw |||||r|||| 00||||ger  </controlfield>
    <datafield ind1=" " ind2=" " tag="015">
      <subfield code="a">00,L01</subfield>
      <subfield code="2">dnb</subfield>
    </datafield>
    <datafield ind1="7" ind2=" " tag="016">
      <subfield code="2">DE-101</subfield>
      <subfield code="a">368798267</subfield>
    </datafield>
    <datafield ind1=" " ind2=" " tag="035">
      <subfield code="a">(DE-599)DNB368798267</subfield>
    </datafield>
    <datafield ind1=" " ind2=" " tag="035">
      <subfield code="a">(OCoLC)718863343</subfield>
    </datafield>
    <datafield ind1=" " ind2=" " tag="040">
      <subfield code="a">1145</subfield>
      <subfield code="b">ger</subfield>
      <subfield code="c">DE-101</subfield>
      <subfield code="d">2001</subfield>
    </datafield>
    <datafield ind1=" " ind2=" " tag="041">
      <subfield code="a">ger</subfield>
    </datafield>
    <datafield ind1=" " ind2=" " tag="044">
      <subfield code="c">XA-DE</subfield>
    </datafield>
    <datafield ind1="1" ind2=" " tag="100">
      <subfield code="0">(DE-588)119498235</subfield>
      <subfield code="0">(DE-101)119498235</subfield>
      <subfield code="a">Wolzogen, Hans von</subfield>
      <subfield code="d">1848-1938</subfield>
      <subfield code="4">aut</subfield>
    </datafield>
    <datafield ind1="1" ind2="0" tag="245">
      <subfield code="a">Beowulf-Gudrun</subfield>
      <subfield code="b">2 german. Meersagen</subfield>
      <subfield code="c">nacherz. von Hans von Wolzogen. Mit Federzeichn. von Franz Stassen</subfield>
    </datafield>
    <datafield ind1="3" ind2=" " tag="260">
      <subfield code="a">Berlin</subfield>
      <subfield code="b">Verlagsanst. f. vaterländische Geschichte u. Kunst</subfield>
      <subfield code="c">1920</subfield>
    </datafield>
    <datafield ind1=" " ind2=" " tag="300">
      <subfield code="a">151 S.</subfield>
      <subfield code="c">8</subfield>
    </datafield>
    <datafield ind1="0" ind2=" " tag="490">
      <subfield code="a">Meisterbücher für das deutsche Haus</subfield>
    </datafield>
    <datafield ind1="1" ind2=" " tag="700">
      <subfield code="0">(DE-588)117218286</subfield>
      <subfield code="0">(DE-101)117218286</subfield>
      <subfield code="a">Stassen, Franz</subfield>
      <subfield code="d">1869-1949</subfield>
      <subfield code="4">cre</subfield>
    </datafield>
  </record>