
  <record>
    <leader>01143nam a2200313 c 4500</leader>
    <controlfield tag="001">36889715X</controlfield>
    <controlfield tag="003">DE-101</controlfield>
    <controlfield tag="005">20120404141847.0</controlfield>
    <controlfield tag="007">tu</controlfield>
    <controlfield tag="008">050712s1981    gw |||||r|||| 00||||ger  </controlfield>
    <datafield ind1=" " ind2=" " tag="015">
      <subfield code="a">04,L01</subfield>
      <subfield code="2">dnb</subfield>
    </datafield>
    <datafield ind1="7" ind2=" " tag="016">
      <subfield code="2">DE-101</subfield>
      <subfield code="a">36889715X</subfield>
    </datafield>
    <datafield ind1=" " ind2=" " tag="020">
      <subfield code="c">türk. £ 75.00</subfield>
    </datafield>
    <datafield ind1=" " ind2=" " tag="035">
      <subfield code="a">(DE-599)DNB36889715X</subfield>
    </datafield>
    <datafield ind1=" " ind2=" " tag="035">
      <subfield code="a">(OCoLC)706065723</subfield>
    </datafield>
    <datafield ind1=" " ind2=" " tag="040">
      <subfield code="a">1145</subfield>
      <subfield code="b">ger</subfield>
      <subfield code="c">DE-101</subfield>
      <subfield code="d">1240</subfield>
    </datafield>
    <datafield ind1=" " ind2=" " tag="041">
      <subfield code="a">ger</subfield>
    </datafield>
    <datafield ind1=" " ind2=" " tag="044">
      <subfield code="c">XA-DE</subfield>
    </datafield>
    <datafield ind1="1" ind2=" " tag="100">
      <subfield code="0">(DE-588)118513451</subfield>
      <subfield code="0">(DE-101)118513451</subfield>
      <subfield code="a">Borchert, Wolfgang</subfield>
      <subfield code="d">1921-1947</subfield>
      <subfield code="4">aut</subfield>
    </datafield>
    <datafield ind1="1" ind2="0" tag="243">
      <subfield code="a">Sammlung</subfield>
      <subfield code="l">türk.</subfield>
    </datafield>
    <datafield ind1="1" ind2="0" tag="245">
      <subfield code="a">Dişarda kapinin önünde ve seçme kısă hikăyeler</subfield>
      <subfield code="c">Wolfgang Borchert. Çeviren: Yüksel Baypmar</subfield>
    </datafield>
    <datafield ind1="3" ind2=" " tag="260">
      <subfield code="a">Ankara</subfield>
      <subfield code="b">Emel Matbaacilik Sanayii</subfield>
      <subfield code="c">1981</subfield>
    </datafield>
    <datafield ind1=" " ind2=" " tag="300">
      <subfield code="a">124 S.</subfield>
      <subfield code="c">20 cm</subfield>
    </datafield>
    <datafield ind1="1" ind2=" " tag="490">
      <subfield code="a">Çağdaş tercüme eserler dizisi</subfield>
      <subfield code="v">7</subfield>
    </datafield>
    <datafield ind1="1" ind2=" " tag="490">
      <subfield code="a">Kültür bakanliği yayınları</subfield>
      <subfield code="v">488</subfield>
    </datafield>
    <datafield ind1="1" ind2=" " tag="700">
      <subfield code="0">(DE-588)131235427</subfield>
      <subfield code="0">(DE-101)131235427</subfield>
      <subfield code="a">Baypmar, Yüksel</subfield>
      <subfield code="4">cre</subfield>
    </datafield>
    <datafield ind1="0" ind2=" " tag="730">
      <subfield code="a">Draußen vor der Tür und ausgewählte kleine Erzählungen</subfield>
      <subfield code="g">türk.</subfield>
    </datafield>
    <datafield ind1=" " ind2="0" tag="830">
      <subfield code="a">Çağdaş tercüme eserler dizisi</subfield>
      <subfield code="v">7</subfield>
      <subfield code="9">17</subfield>
    </datafield>
    <datafield ind1=" " ind2="0" tag="830">
      <subfield code="a">Kültür bakanliği yayınları</subfield>
      <subfield code="v">488</subfield>
      <subfield code="9">3488</subfield>
    </datafield>
  </record>