
  <record>
    <leader>00766nam a2200253 c 4500</leader>
    <controlfield tag="001">369358732</controlfield>
    <controlfield tag="003">DE-101</controlfield>
    <controlfield tag="005">20060222184224.0</controlfield>
    <controlfield tag="007">tu</controlfield>
    <controlfield tag="008">051219s1967    gw |||||r|||| 00||||ger  </controlfield>
    <datafield ind1=" " ind2=" " tag="015">
      <subfield code="a">00,L01</subfield>
      <subfield code="2">dnb</subfield>
    </datafield>
    <datafield ind1="7" ind2=" " tag="016">
      <subfield code="2">DE-101</subfield>
      <subfield code="a">369358732</subfield>
    </datafield>
    <datafield ind1=" " ind2=" " tag="020">
      <subfield code="c">Geb.</subfield>
    </datafield>
    <datafield ind1=" " ind2=" " tag="035">
      <subfield code="a">(DE-599)DNB369358732</subfield>
    </datafield>
    <datafield ind1=" " ind2=" " tag="035">
      <subfield code="a">(OCoLC)181426584</subfield>
    </datafield>
    <datafield ind1=" " ind2=" " tag="040">
      <subfield code="a">1140</subfield>
      <subfield code="b">ger</subfield>
      <subfield code="c">DE-101</subfield>
      <subfield code="d">9999</subfield>
    </datafield>
    <datafield ind1=" " ind2=" " tag="041">
      <subfield code="a">ger</subfield>
    </datafield>
    <datafield ind1=" " ind2=" " tag="044">
      <subfield code="c">XA-DE</subfield>
    </datafield>
    <datafield ind1="1" ind2="0" tag="245">
      <subfield code="a">Beiträge zur Psychologie der Persönlichkeit</subfield>
      <subfield code="c">Hrsg. v. Nikolaus Petrilowitsch</subfield>
    </datafield>
    <datafield ind1="3" ind2=" " tag="260">
      <subfield code="a">Darmstadt</subfield>
      <subfield code="b">Wiss. Buchges.</subfield>
      <subfield code="c">1967</subfield>
    </datafield>
    <datafield ind1=" " ind2=" " tag="300">
      <subfield code="a">VII, 556 S.</subfield>
      <subfield code="b">mit Abb., 4 Bl. Abb.</subfield>
      <subfield code="c">8</subfield>
    </datafield>
    <datafield ind1="1" ind2=" " tag="490">
      <subfield code="a">Wege der Forschung</subfield>
      <subfield code="v">Bd. 75</subfield>
    </datafield>
    <datafield ind1="1" ind2=" " tag="700">
      <subfield code="0">(DE-588)104934212</subfield>
      <subfield code="0">(DE-101)104934212</subfield>
      <subfield code="a">Petrilowitsch, Nikolaus</subfield>
      <subfield code="4">cre</subfield>
    </datafield>
    <datafield ind1=" " ind2="0" tag="830">
      <subfield code="a">Wege der Forschung</subfield>
      <subfield code="v">Bd. 75</subfield>
    </datafield>
  </record>