
  <record>
    <leader>00887njm a2200277 c 4500</leader>
    <controlfield tag="001">380320649</controlfield>
    <controlfield tag="003">DE-101</controlfield>
    <controlfield tag="005">20070401140321.0</controlfield>
    <controlfield tag="007">s|||||||||||||</controlfield>
    <controlfield tag="008">070321s        gw ||||| |||||||||||ger  </controlfield>
    <datafield ind1="7" ind2=" " tag="016">
      <subfield code="2">DE-101</subfield>
      <subfield code="a">380320649</subfield>
    </datafield>
    <datafield ind1="3" ind2="2" tag="028">
      <subfield code="b">His Master's Voice (LC 0002)</subfield>
      <subfield code="a">EG 1523</subfield>
    </datafield>
    <datafield ind1="1" ind2="2" tag="028">
      <subfield code="a">BNR 730-I</subfield>
    </datafield>
    <datafield ind1=" " ind2=" " tag="035">
      <subfield code="a">(DE-599)DNB380320649</subfield>
    </datafield>
    <datafield ind1=" " ind2=" " tag="035">
      <subfield code="a">(OCoLC)725788356</subfield>
    </datafield>
    <datafield ind1=" " ind2=" " tag="040">
      <subfield code="a">1340</subfield>
      <subfield code="b">ger</subfield>
      <subfield code="c">DE-101</subfield>
      <subfield code="d">1340</subfield>
    </datafield>
    <datafield ind1=" " ind2=" " tag="041">
      <subfield code="a">ger</subfield>
    </datafield>
    <datafield ind1=" " ind2=" " tag="044">
      <subfield code="c">XA-DE</subfield>
    </datafield>
    <datafield ind1="1" ind2="0" tag="245">
      <subfield code="a">"Drei Musketiere" - Marschlied</subfield>
      <subfield code="c">Riesenfeld &amp; Benatzky</subfield>
    </datafield>
    <datafield ind1="3" ind2=" " tag="260">
      <subfield code="a">[s.l.]</subfield>
      <subfield code="b">The Gramophone Co., Ltd., Hayes, Middlesex, England</subfield>
    </datafield>
    <datafield ind1=" " ind2=" " tag="300">
      <subfield code="b">[78 UpM]</subfield>
      <subfield code="c">25 cm</subfield>
    </datafield>
    <datafield ind1=" " ind2=" " tag="500">
      <subfield code="a">Marek Weber und sein Orchester</subfield>
    </datafield>
    <datafield ind1=" " ind2=" " tag="500">
      <subfield code="a">Tanzorchester m. Refraingesang</subfield>
    </datafield>
    <datafield ind1=" " ind2=" " tag="518">
      <subfield code="a">Aufgenommen im Beethovensaal zu Berlin</subfield>
    </datafield>
    <datafield ind1="0" ind2="8" tag="775">
      <subfield code="i">Parallelausg. u.d.T.:</subfield>
      <subfield code="t">Schöner Gigolo - Lied und Tango</subfield>
      <subfield code="w">(DE-101)380320657</subfield>
    </datafield>
    <datafield ind1="0" ind2="8" tag="775">
      <subfield code="a">006306 hu</subfield>
    </datafield>
  </record>