
  <record>
    <leader>00839njm a2200265 c 4500</leader>
    <controlfield tag="001">381073661</controlfield>
    <controlfield tag="003">DE-101</controlfield>
    <controlfield tag="005">20100708121643.0</controlfield>
    <controlfield tag="007">s|||||||||||||</controlfield>
    <controlfield tag="008">070321s        gw ||||| |||||||||||ger  </controlfield>
    <datafield ind1="7" ind2=" " tag="016">
      <subfield code="2">DE-101</subfield>
      <subfield code="a">381073661</subfield>
    </datafield>
    <datafield ind1="3" ind2="2" tag="028">
      <subfield code="b">Kristall (LC 0032)</subfield>
      <subfield code="a">3020</subfield>
    </datafield>
    <datafield ind1="1" ind2="2" tag="028">
      <subfield code="a">C 289</subfield>
    </datafield>
    <datafield ind1="1" ind2="2" tag="028">
      <subfield code="a">C289</subfield>
    </datafield>
    <datafield ind1=" " ind2=" " tag="035">
      <subfield code="a">(DE-599)DNB381073661</subfield>
    </datafield>
    <datafield ind1=" " ind2=" " tag="035">
      <subfield code="a">(OCoLC)725544264</subfield>
    </datafield>
    <datafield ind1=" " ind2=" " tag="040">
      <subfield code="a">1340</subfield>
      <subfield code="b">ger</subfield>
      <subfield code="c">DE-101</subfield>
      <subfield code="d">1340</subfield>
    </datafield>
    <datafield ind1=" " ind2=" " tag="041">
      <subfield code="a">ger</subfield>
    </datafield>
    <datafield ind1=" " ind2=" " tag="044">
      <subfield code="c">XA-DE</subfield>
    </datafield>
    <datafield ind1="1" ind2="0" tag="245">
      <subfield code="a">Drei Musketiere</subfield>
      <subfield code="b">Marsch aus der Revue "Drei Musketiere"</subfield>
      <subfield code="c">Benatzky - Schanzer - Wehlisch - arrang.: W. Goehr</subfield>
    </datafield>
    <datafield ind1="3" ind2=" " tag="260">
      <subfield code="a">[s.l.]</subfield>
      <subfield code="b">Deutsche Crystalate GmbH Berlin-Reinickendorf</subfield>
    </datafield>
    <datafield ind1=" " ind2=" " tag="300">
      <subfield code="b">[78 UpM]</subfield>
      <subfield code="c">25 cm</subfield>
    </datafield>
    <datafield ind1=" " ind2=" " tag="500">
      <subfield code="a">Bernard Etté und sein Orchester mit Refraingesang</subfield>
    </datafield>
    <datafield ind1=" " ind2=" " tag="500">
      <subfield code="a">Orchester</subfield>
    </datafield>
    <datafield ind1="0" ind2="8" tag="775">
      <subfield code="i">Parallelausg. u.d.T.:</subfield>
      <subfield code="t">Ich lieb' dich</subfield>
      <subfield code="w">(DE-101)38107367X</subfield>
    </datafield>
  </record>