
  <record>
    <leader>00855njm a2200253 c 4500</leader>
    <controlfield tag="001">381392082</controlfield>
    <controlfield tag="003">DE-101</controlfield>
    <controlfield tag="005">20070401165900.0</controlfield>
    <controlfield tag="007">s|||||||||||||</controlfield>
    <controlfield tag="008">070321s        gw ||||| |||||||||||ger  </controlfield>
    <datafield ind1="7" ind2=" " tag="016">
      <subfield code="2">DE-101</subfield>
      <subfield code="a">381392082</subfield>
    </datafield>
    <datafield ind1="3" ind2="2" tag="028">
      <subfield code="b">Grammophon (LC 0040)</subfield>
      <subfield code="a">22706 (2)</subfield>
    </datafield>
    <datafield ind1="1" ind2="2" tag="028">
      <subfield code="a">2520BKII</subfield>
    </datafield>
    <datafield ind1=" " ind2=" " tag="035">
      <subfield code="a">(DE-599)DNB381392082</subfield>
    </datafield>
    <datafield ind1=" " ind2=" " tag="035">
      <subfield code="a">(OCoLC)724993489</subfield>
    </datafield>
    <datafield ind1=" " ind2=" " tag="040">
      <subfield code="a">1340</subfield>
      <subfield code="b">ger</subfield>
      <subfield code="c">DE-101</subfield>
      <subfield code="d">1340</subfield>
    </datafield>
    <datafield ind1=" " ind2=" " tag="041">
      <subfield code="a">ger</subfield>
    </datafield>
    <datafield ind1=" " ind2=" " tag="044">
      <subfield code="c">XA-DE</subfield>
    </datafield>
    <datafield ind1="1" ind2="0" tag="245">
      <subfield code="a">"Drei Musketiere"</subfield>
      <subfield code="b">Sei nur ein kleines bißchen verrückt nach mir. Foxtrot</subfield>
      <subfield code="c">Benatzky - Schanzer - Welisch</subfield>
    </datafield>
    <datafield ind1="3" ind2=" " tag="260">
      <subfield code="a">[s.l.]</subfield>
      <subfield code="b">Deutsche Grammophon-Aktiengesellschaft, Berlin</subfield>
    </datafield>
    <datafield ind1=" " ind2=" " tag="300">
      <subfield code="b">[78 UpM]</subfield>
      <subfield code="c">25 cm</subfield>
    </datafield>
    <datafield ind1=" " ind2=" " tag="500">
      <subfield code="a">Ben Berlin und sein Orchester mit deutschem Refraingesang: "Two Admirals"</subfield>
    </datafield>
    <datafield ind1=" " ind2=" " tag="500">
      <subfield code="a">Orchester</subfield>
    </datafield>
    <datafield ind1="0" ind2="8" tag="775">
      <subfield code="i">Parallelausg. u.d.T.:</subfield>
      <subfield code="t">Ich hab' kein Auto</subfield>
      <subfield code="w">(DE-101)381392090</subfield>
    </datafield>
  </record>