
  <record>
    <leader>00796njm a2200253 c 4500</leader>
    <controlfield tag="001">382450876</controlfield>
    <controlfield tag="003">DE-101</controlfield>
    <controlfield tag="005">20100429120358.0</controlfield>
    <controlfield tag="007">s|||||||||||||</controlfield>
    <controlfield tag="008">100429s        gw ||||| |||||||||||ger  </controlfield>
    <datafield ind1="7" ind2=" " tag="016">
      <subfield code="2">DE-101</subfield>
      <subfield code="a">382450876</subfield>
    </datafield>
    <datafield ind1="3" ind2="2" tag="028">
      <subfield code="b">Polydor (LC 0041)</subfield>
      <subfield code="a">22709 (2)</subfield>
    </datafield>
    <datafield ind1="1" ind2="2" tag="028">
      <subfield code="a">526 1/2 BT VI</subfield>
    </datafield>
    <datafield ind1=" " ind2=" " tag="035">
      <subfield code="a">(DE-599)DNB382450876</subfield>
    </datafield>
    <datafield ind1=" " ind2=" " tag="035">
      <subfield code="a">(OCoLC)725417421</subfield>
    </datafield>
    <datafield ind1=" " ind2=" " tag="040">
      <subfield code="a">1340</subfield>
      <subfield code="b">ger</subfield>
      <subfield code="c">DE-101</subfield>
      <subfield code="d">1340</subfield>
    </datafield>
    <datafield ind1=" " ind2=" " tag="041">
      <subfield code="a">ger</subfield>
    </datafield>
    <datafield ind1=" " ind2=" " tag="044">
      <subfield code="c">XA-DE</subfield>
    </datafield>
    <datafield ind1="1" ind2="0" tag="245">
      <subfield code="a">"Drei Musketiere"</subfield>
      <subfield code="b">Wenn du treulos bist, Tango</subfield>
      <subfield code="c">Benatzky, Schanzer, Welisch</subfield>
    </datafield>
    <datafield ind1=" " ind2=" " tag="300">
      <subfield code="b">[78 UpM]</subfield>
      <subfield code="c">25 cm</subfield>
    </datafield>
    <datafield ind1=" " ind2=" " tag="500">
      <subfield code="a">Franz Völker, Opernhaus Franfurt a. M., mit Orchesterbegleitung</subfield>
    </datafield>
    <datafield ind1=" " ind2=" " tag="500">
      <subfield code="a">Deutsch. Tenor</subfield>
    </datafield>
    <datafield ind1="0" ind2="8" tag="775">
      <subfield code="i">Parallelausg. u.d.T.:</subfield>
      <subfield code="t">Ich bin verliebt in meine eigene Frau</subfield>
      <subfield code="w">(DE-101)382450884</subfield>
    </datafield>
    <datafield ind1="0" ind2="8" tag="775">
      <subfield code="a">019806 hu</subfield>
    </datafield>
  </record>