
  <record>
    <leader>00783njm a2200241 c 4500</leader>
    <controlfield tag="001">382649656</controlfield>
    <controlfield tag="003">DE-101</controlfield>
    <controlfield tag="005">20110816113611.0</controlfield>
    <controlfield tag="007">s|||||||||||||</controlfield>
    <controlfield tag="008">110816s        gw ||||| |||||||||||ger  </controlfield>
    <datafield ind1="7" ind2=" " tag="016">
      <subfield code="2">DE-101</subfield>
      <subfield code="a">382649656</subfield>
    </datafield>
    <datafield ind1="3" ind2="2" tag="028">
      <subfield code="b">Parlophon (LC 0020)</subfield>
      <subfield code="a">B 12122</subfield>
    </datafield>
    <datafield ind1="1" ind2="2" tag="028">
      <subfield code="a">37933</subfield>
    </datafield>
    <datafield ind1="1" ind2="2" tag="028">
      <subfield code="a">W 37933</subfield>
    </datafield>
    <datafield ind1=" " ind2=" " tag="035">
      <subfield code="a">(DE-599)DNB382649656</subfield>
    </datafield>
    <datafield ind1=" " ind2=" " tag="040">
      <subfield code="a">1340</subfield>
      <subfield code="b">ger</subfield>
      <subfield code="c">DE-101</subfield>
      <subfield code="d">1340</subfield>
    </datafield>
    <datafield ind1=" " ind2=" " tag="041">
      <subfield code="a">ger</subfield>
    </datafield>
    <datafield ind1=" " ind2=" " tag="044">
      <subfield code="c">XA-DE</subfield>
    </datafield>
    <datafield ind1="1" ind2="0" tag="245">
      <subfield code="a">Drei Musketiere</subfield>
      <subfield code="b">Marsch aus "Drei Musketiere"</subfield>
      <subfield code="c">H. Riesenfeld und R. Benatzky, arrangiert von Géczy, Jäger</subfield>
    </datafield>
    <datafield ind1="3" ind2=" " tag="260">
      <subfield code="a">[s.l.]</subfield>
      <subfield code="b">Carl Lindström A.-G.</subfield>
    </datafield>
    <datafield ind1=" " ind2=" " tag="300">
      <subfield code="b">[78 UpM]</subfield>
      <subfield code="c">25 cm</subfield>
    </datafield>
    <datafield ind1=" " ind2=" " tag="500">
      <subfield code="a">Barnabas von Gèczy mit seinem Orchester vom Esplanade</subfield>
    </datafield>
    <datafield ind1="0" ind2="8" tag="775">
      <subfield code="i">Parallelausg. u.d.T.:</subfield>
      <subfield code="t">Eine Nacht, ein Lied und du</subfield>
      <subfield code="w">(DE-101)382649648</subfield>
    </datafield>
  </record>