
  <record>
    <leader>00649ncm a2200217 c 4500</leader>
    <controlfield tag="001">400193523</controlfield>
    <controlfield tag="003">DE-101</controlfield>
    <controlfield tag="005">20080118121029.0</controlfield>
    <controlfield tag="007">q|</controlfield>
    <controlfield tag="008">980107s        gw |||||r|||||||||||ger  </controlfield>
    <datafield ind1="7" ind2=" " tag="016">
      <subfield code="2">DE-101</subfield>
      <subfield code="a">400193523</subfield>
    </datafield>
    <datafield ind1=" " ind2=" " tag="035">
      <subfield code="a">(DE-599)DNB400193523</subfield>
    </datafield>
    <datafield ind1=" " ind2=" " tag="035">
      <subfield code="a">(OCoLC)725343054</subfield>
    </datafield>
    <datafield ind1=" " ind2=" " tag="040">
      <subfield code="a">1340</subfield>
      <subfield code="b">ger</subfield>
      <subfield code="c">DE-101</subfield>
      <subfield code="d">1340</subfield>
    </datafield>
    <datafield ind1=" " ind2=" " tag="041">
      <subfield code="a">ger</subfield>
    </datafield>
    <datafield ind1=" " ind2=" " tag="044">
      <subfield code="c">XA-DE</subfield>
    </datafield>
    <datafield ind1="1" ind2=" " tag="100">
      <subfield code="a">Basner, Benjamin</subfield>
      <subfield code="4">aut</subfield>
    </datafield>
    <datafield ind1="1" ind2="0" tag="245">
      <subfield code="a">Die drei Musketiere, daraus: Suite</subfield>
      <subfield code="b">aus dem Ballett (1964)</subfield>
    </datafield>
    <datafield ind1="3" ind2=" " tag="260">
      <subfield code="a">Hamburg</subfield>
      <subfield code="b">Internationale Musikverlage Hans Sikorski</subfield>
    </datafield>
    <datafield ind1=" " ind2=" " tag="500">
      <subfield code="a">3.2.4(TenSax).2.-4.Piston.3.3.1.,Pk, Schlzg(u.a. Glsp,Xyl), Hrf, Klav, Str</subfield>
    </datafield>
    <datafield ind1=" " ind2=" " tag="500">
      <subfield code="a">24'</subfield>
    </datafield>
  </record>