
  <record>
    <leader>00758ncm a2200253 c 4500</leader>
    <controlfield tag="001">400218852</controlfield>
    <controlfield tag="003">DE-101</controlfield>
    <controlfield tag="005">20080118121228.0</controlfield>
    <controlfield tag="007">q|</controlfield>
    <controlfield tag="008">960508s        gw |||||r|||||||||||ger  </controlfield>
    <datafield ind1="7" ind2=" " tag="016">
      <subfield code="2">DE-101</subfield>
      <subfield code="a">400218852</subfield>
    </datafield>
    <datafield ind1=" " ind2=" " tag="035">
      <subfield code="a">(DE-599)DNB400218852</subfield>
    </datafield>
    <datafield ind1=" " ind2=" " tag="035">
      <subfield code="a">(OCoLC)725370609</subfield>
    </datafield>
    <datafield ind1=" " ind2=" " tag="040">
      <subfield code="a">1340</subfield>
      <subfield code="b">ger</subfield>
      <subfield code="c">DE-101</subfield>
      <subfield code="d">1340</subfield>
    </datafield>
    <datafield ind1=" " ind2=" " tag="041">
      <subfield code="a">ger</subfield>
    </datafield>
    <datafield ind1=" " ind2=" " tag="044">
      <subfield code="c">XA-DE</subfield>
    </datafield>
    <datafield ind1="1" ind2=" " tag="100">
      <subfield code="a">Balassa, Sándor</subfield>
      <subfield code="4">aut</subfield>
    </datafield>
    <datafield ind1="1" ind2="0" tag="245">
      <subfield code="a">Draussen vor der Tür</subfield>
      <subfield code="b">Oper in 5 Sätzen, op. 27</subfield>
    </datafield>
    <datafield ind1="3" ind2=" " tag="260">
      <subfield code="a">Budapest</subfield>
      <subfield code="b">Artisjus</subfield>
    </datafield>
    <datafield ind1=" " ind2=" " tag="500">
      <subfield code="a">4.3.EHr.3.BassKlar.2 Sax.3.Ktfg.-4.4.3.BassPos.1.,Pk, Schlzg, 2 Hrf, Cel, Str, Ch; Soli; Bühnenmusik: Klar,Tr,Cimb</subfield>
    </datafield>
    <datafield ind1=" " ind2=" " tag="500">
      <subfield code="a">(Ungar.,dt.)</subfield>
    </datafield>
    <datafield ind1=" " ind2=" " tag="500">
      <subfield code="a">75'</subfield>
    </datafield>
    <datafield ind1="1" ind2=" " tag="700">
      <subfield code="a">Fodor, Géza</subfield>
      <subfield code="4">oth</subfield>
      <subfield code="e">Text</subfield>
    </datafield>
    <datafield ind1="1" ind2=" " tag="700">
      <subfield code="a">Neef, Sigrid</subfield>
      <subfield code="4">trl</subfield>
      <subfield code="e">Übers.</subfield>
    </datafield>
  </record>