
  <record>
    <leader>00629ncm a2200229 c 4500</leader>
    <controlfield tag="001">40037384X</controlfield>
    <controlfield tag="003">DE-101</controlfield>
    <controlfield tag="005">20080118122430.0</controlfield>
    <controlfield tag="007">q|</controlfield>
    <controlfield tag="008">020708s        gw |||||r|||||||||||ger  </controlfield>
    <datafield ind1="7" ind2=" " tag="016">
      <subfield code="2">DE-101</subfield>
      <subfield code="a">40037384X</subfield>
    </datafield>
    <datafield ind1="2" ind2=" " tag="024">
      <subfield code="a">M204300334</subfield>
      <subfield code="9">M-2043-0033-4</subfield>
    </datafield>
    <datafield ind1=" " ind2=" " tag="035">
      <subfield code="a">(DE-599)DNB40037384X</subfield>
    </datafield>
    <datafield ind1=" " ind2=" " tag="035">
      <subfield code="a">(OCoLC)725537890</subfield>
    </datafield>
    <datafield ind1=" " ind2=" " tag="040">
      <subfield code="a">1340</subfield>
      <subfield code="b">ger</subfield>
      <subfield code="c">DE-101</subfield>
      <subfield code="d">1340</subfield>
    </datafield>
    <datafield ind1=" " ind2=" " tag="041">
      <subfield code="a">ger</subfield>
    </datafield>
    <datafield ind1=" " ind2=" " tag="044">
      <subfield code="c">XA-DE</subfield>
    </datafield>
    <datafield ind1="1" ind2=" " tag="100">
      <subfield code="a">Thoma, Xaver Paul</subfield>
      <subfield code="4">aut</subfield>
    </datafield>
    <datafield ind1="1" ind2="0" tag="245">
      <subfield code="a">Draussen vor der Tür</subfield>
      <subfield code="b">Kammeroper XPT 86</subfield>
    </datafield>
    <datafield ind1="3" ind2=" " tag="260">
      <subfield code="a">Bühl/Baden</subfield>
      <subfield code="a">Ettlingen</subfield>
      <subfield code="b">Antes-Edition Bella Musica Musikverlag</subfield>
    </datafield>
    <datafield ind1=" " ind2=" " tag="500">
      <subfield code="a">Ohne Besetzungsangaben</subfield>
    </datafield>
    <datafield ind1=" " ind2=" " tag="500">
      <subfield code="a">135'</subfield>
    </datafield>
  </record>