
  <record>
    <leader>00964nam a2200277 c 4500</leader>
    <controlfield tag="001">450052818</controlfield>
    <controlfield tag="003">DE-101</controlfield>
    <controlfield tag="005">20071222184607.0</controlfield>
    <controlfield tag="007">tu</controlfield>
    <controlfield tag="008">950113s1958    gw |||||r|||| 00||||ger  </controlfield>
    <datafield ind1="7" ind2=" " tag="016">
      <subfield code="2">DE-101</subfield>
      <subfield code="a">450052818</subfield>
    </datafield>
    <datafield ind1=" " ind2=" " tag="020">
      <subfield code="c">Lw. : 15.80</subfield>
    </datafield>
    <datafield ind1=" " ind2=" " tag="035">
      <subfield code="a">(DE-599)DNB450052818</subfield>
    </datafield>
    <datafield ind1=" " ind2=" " tag="035">
      <subfield code="a">(OCoLC)611774989</subfield>
    </datafield>
    <datafield ind1=" " ind2=" " tag="040">
      <subfield code="a">1200</subfield>
      <subfield code="b">ger</subfield>
      <subfield code="c">DE-101</subfield>
      <subfield code="d">9999</subfield>
    </datafield>
    <datafield ind1=" " ind2=" " tag="041">
      <subfield code="a">ger</subfield>
    </datafield>
    <datafield ind1=" " ind2=" " tag="044">
      <subfield code="c">XA-DE</subfield>
    </datafield>
    <datafield ind1="7" ind2="4" tag="082">
      <subfield code="q">DE-101</subfield>
      <subfield code="2">22sdnb</subfield>
    </datafield>
    <datafield ind1=" " ind2=" " tag="084">
      <subfield code="a">03b</subfield>
      <subfield code="a">130</subfield>
      <subfield code="a">150</subfield>
      <subfield code="q">DE-101</subfield>
      <subfield code="2">sdnb</subfield>
    </datafield>
    <datafield ind1="1" ind2=" " tag="100">
      <subfield code="0">(DE-588)118644823</subfield>
      <subfield code="0">(DE-101)118644823</subfield>
      <subfield code="a">Allport, Gordon W.</subfield>
      <subfield code="d">1897-1967</subfield>
      <subfield code="4">aut</subfield>
    </datafield>
    <datafield ind1="1" ind2="0" tag="245">
      <subfield code="a">Werden der Persönlichkeit</subfield>
      <subfield code="b">Gedanken zur Grundlegung e. Psychologie d. Persönlichkeit</subfield>
      <subfield code="c">Gordon W. Allport. Mit e. Vorw. von Helmut v. Bracken</subfield>
    </datafield>
    <datafield ind1="3" ind2=" " tag="260">
      <subfield code="a">Bern</subfield>
      <subfield code="a">Stuttgart</subfield>
      <subfield code="b">Huber</subfield>
      <subfield code="c">1958</subfield>
    </datafield>
    <datafield ind1=" " ind2=" " tag="300">
      <subfield code="a">99 S.</subfield>
      <subfield code="c">gr. 8</subfield>
    </datafield>
    <datafield ind1="1" ind2=" " tag="490">
      <subfield code="a">Enzyklopädie der Psychologie in Einzeldarstellungen</subfield>
      <subfield code="v">Bd. 1</subfield>
    </datafield>
    <datafield ind1="0" ind2=" " tag="730">
      <subfield code="a">Becoming</subfield>
      <subfield code="g">dt.</subfield>
    </datafield>
    <datafield ind1=" " ind2="0" tag="830">
      <subfield code="a">Enzyklopädie der Psychologie in Einzeldarstellungen</subfield>
      <subfield code="v">Bd. 1</subfield>
      <subfield code="9">11</subfield>
    </datafield>
  </record>