
  <record>
    <leader>00931nam a2200277 c 4500</leader>
    <controlfield tag="001">450342239</controlfield>
    <controlfield tag="003">DE-101</controlfield>
    <controlfield tag="005">20071222190741.0</controlfield>
    <controlfield tag="007">tu</controlfield>
    <controlfield tag="008">950116s1962    gw |||||r|||| 00||||ger  </controlfield>
    <datafield ind1="7" ind2=" " tag="016">
      <subfield code="2">DE-101</subfield>
      <subfield code="a">450342239</subfield>
    </datafield>
    <datafield ind1=" " ind2=" " tag="020">
      <subfield code="c">kart. : DM-Ost 4.-</subfield>
    </datafield>
    <datafield ind1=" " ind2=" " tag="035">
      <subfield code="a">(DE-599)DNB450342239</subfield>
    </datafield>
    <datafield ind1=" " ind2=" " tag="035">
      <subfield code="a">(OCoLC)73249945</subfield>
    </datafield>
    <datafield ind1=" " ind2=" " tag="040">
      <subfield code="a">1200</subfield>
      <subfield code="b">ger</subfield>
      <subfield code="c">DE-101</subfield>
      <subfield code="d">9999</subfield>
    </datafield>
    <datafield ind1=" " ind2=" " tag="041">
      <subfield code="a">ger</subfield>
    </datafield>
    <datafield ind1=" " ind2=" " tag="044">
      <subfield code="c">XA-DE</subfield>
    </datafield>
    <datafield ind1="7" ind2="4" tag="082">
      <subfield code="q">DE-101</subfield>
      <subfield code="2">22sdnb</subfield>
    </datafield>
    <datafield ind1=" " ind2=" " tag="084">
      <subfield code="a">10a</subfield>
      <subfield code="a">03b</subfield>
      <subfield code="a">370</subfield>
      <subfield code="q">DE-101</subfield>
      <subfield code="2">sdnb</subfield>
    </datafield>
    <datafield ind1="1" ind2="0" tag="245">
      <subfield code="a">Beiträge zur Psychologie der Persönlichkeit</subfield>
    </datafield>
    <datafield ind1=" " ind2=" " tag="250">
      <subfield code="a">[3., durchges. Aufl.]</subfield>
    </datafield>
    <datafield ind1=" " ind2=" " tag="259">
      <subfield code="a">13</subfield>
    </datafield>
    <datafield ind1="3" ind2=" " tag="260">
      <subfield code="a">Berlin</subfield>
      <subfield code="b">VEB Verl. Volk u. Wissen</subfield>
      <subfield code="c">1962</subfield>
    </datafield>
    <datafield ind1=" " ind2=" " tag="300">
      <subfield code="a">93 S.</subfield>
      <subfield code="c">gr. 8</subfield>
    </datafield>
    <datafield ind1="1" ind2=" " tag="490">
      <subfield code="a">Informationsmaterial aus der pädagogischen Literatur der Sowjetunion und der Länder der Volksdemokratie</subfield>
      <subfield code="v">H. 25</subfield>
    </datafield>
    <datafield ind1=" " ind2="0" tag="830">
      <subfield code="a">Informationsmaterial aus der pädagogischen Literatur der Sowjetunion und der Länder der Volksdemokratie</subfield>
      <subfield code="v">H. 25</subfield>
      <subfield code="9">225</subfield>
    </datafield>
  </record>