
  <record>
    <leader>01118nam a2200289 ca4500</leader>
    <controlfield tag="001">450362345</controlfield>
    <controlfield tag="003">DE-101</controlfield>
    <controlfield tag="005">20040314051703.0</controlfield>
    <controlfield tag="007">tu</controlfield>
    <controlfield tag="008">950116s        gw |||||r|||| 00|||||||  </controlfield>
    <datafield ind1="7" ind2=" " tag="016">
      <subfield code="2">DE-101</subfield>
      <subfield code="a">450362345</subfield>
    </datafield>
    <datafield ind1=" " ind2=" " tag="020">
      <subfield code="c">4.80</subfield>
    </datafield>
    <datafield ind1=" " ind2=" " tag="035">
      <subfield code="a">(DE-599)DNB450362345</subfield>
    </datafield>
    <datafield ind1=" " ind2=" " tag="035">
      <subfield code="a">(OCoLC)73465563</subfield>
    </datafield>
    <datafield ind1=" " ind2=" " tag="040">
      <subfield code="a">1200</subfield>
      <subfield code="b">ger</subfield>
      <subfield code="c">DE-101</subfield>
      <subfield code="d">9999</subfield>
    </datafield>
    <datafield ind1=" " ind2=" " tag="044">
      <subfield code="c">XA-DE</subfield>
    </datafield>
    <datafield ind1="1" ind2="0" tag="245">
      <subfield code="a">Heyne-Schücking's Beowulf</subfield>
      <subfield code="c">[Hrsg.: Moritz Heyne u. Levin Ludwig Schücking]</subfield>
    </datafield>
    <datafield ind1="1" ind2="9" tag="246">
      <subfield code="a">Beowulf</subfield>
    </datafield>
    <datafield ind1=" " ind2=" " tag="250">
      <subfield code="a">Neudr. d. v. Else von Schaubert vollkommen umgearb. 15. Aufl.</subfield>
    </datafield>
    <datafield ind1=" " ind2=" " tag="259">
      <subfield code="a">ndr</subfield>
    </datafield>
    <datafield ind1="3" ind2=" " tag="260">
      <subfield code="a">Paderborn</subfield>
      <subfield code="b">Schöningh</subfield>
    </datafield>
    <datafield ind1=" " ind2=" " tag="300">
      <subfield code="c">8</subfield>
    </datafield>
    <datafield ind1="1" ind2=" " tag="490">
      <subfield code="a">Bibliothek der ältesten deutschen Literatur-Denkmäler</subfield>
      <subfield code="v">Bd. 3. Angelsächs. Denkmäler</subfield>
    </datafield>
    <datafield ind1="1" ind2=" " tag="700">
      <subfield code="0">(DE-588)116793465</subfield>
      <subfield code="0">(DE-101)116793465</subfield>
      <subfield code="a">Heyne, Moritz</subfield>
      <subfield code="d">1837-1906</subfield>
      <subfield code="4">cre</subfield>
    </datafield>
    <datafield ind1="1" ind2=" " tag="700">
      <subfield code="0">(DE-588)117124931</subfield>
      <subfield code="0">(DE-101)117124931</subfield>
      <subfield code="a">Schücking, Levin Ludwig</subfield>
      <subfield code="d">1878-1964</subfield>
      <subfield code="4">cre</subfield>
    </datafield>
    <datafield ind1="1" ind2=" " tag="700">
      <subfield code="0">(DE-588)123774837</subfield>
      <subfield code="0">(DE-101)123774837</subfield>
      <subfield code="a">Schaubert, Else von</subfield>
      <subfield code="d">1886-1977</subfield>
      <subfield code="4">cre</subfield>
    </datafield>
    <datafield ind1=" " ind2="0" tag="830">
      <subfield code="a">Bibliothek der ältesten deutschen Literatur-Denkmäler</subfield>
      <subfield code="v">Bd. 3. Angelsächs. Denkmäler</subfield>
      <subfield code="9">13</subfield>
    </datafield>
  </record>