
  <record>
    <leader>00727nam a2200217 ca4500</leader>
    <controlfield tag="001">450362396</controlfield>
    <controlfield tag="003">DE-101</controlfield>
    <controlfield tag="005">20040314051703.0</controlfield>
    <controlfield tag="007">tu</controlfield>
    <controlfield tag="008">950116s        gw |||||r|||| 00|||||||  </controlfield>
    <datafield ind1="7" ind2=" " tag="016">
      <subfield code="2">DE-101</subfield>
      <subfield code="a">450362396</subfield>
    </datafield>
    <datafield ind1=" " ind2=" " tag="035">
      <subfield code="a">(DE-599)DNB450362396</subfield>
    </datafield>
    <datafield ind1=" " ind2=" " tag="035">
      <subfield code="a">(OCoLC)720142325</subfield>
    </datafield>
    <datafield ind1=" " ind2=" " tag="040">
      <subfield code="a">1200</subfield>
      <subfield code="b">ger</subfield>
      <subfield code="c">DE-101</subfield>
      <subfield code="d">1200</subfield>
    </datafield>
    <datafield ind1=" " ind2=" " tag="044">
      <subfield code="c">XA-DE</subfield>
    </datafield>
    <datafield ind1="1" ind2="0" tag="245">
      <subfield code="a">Beowulf</subfield>
      <subfield code="b">Nebst den kleineren Denkmälern der Heldensagen</subfield>
      <subfield code="c">Mit Einl., Glossar u. Anm. hrsg. von Ferdinand Holthausen</subfield>
    </datafield>
    <datafield ind1="3" ind2=" " tag="260">
      <subfield code="a">Heidelberg</subfield>
      <subfield code="b">Winter</subfield>
    </datafield>
    <datafield ind1=" " ind2=" " tag="300">
      <subfield code="c">8</subfield>
    </datafield>
    <datafield ind1="1" ind2=" " tag="490">
      <subfield code="a">Alt- und mittelenglische Texte</subfield>
      <subfield code="v">Bd. 3,1</subfield>
    </datafield>
    <datafield ind1="1" ind2=" " tag="700">
      <subfield code="0">(DE-588)116969520</subfield>
      <subfield code="0">(DE-101)116969520</subfield>
      <subfield code="a">Holthausen, Ferdinand</subfield>
      <subfield code="d">1860-1956</subfield>
      <subfield code="4">cre</subfield>
    </datafield>
    <datafield ind1=" " ind2="0" tag="830">
      <subfield code="a">Alt- und mittelenglische Texte</subfield>
      <subfield code="v">Bd. 3,1</subfield>
      <subfield code="9">13 11</subfield>
    </datafield>
  </record>