
  <record>
    <leader>00995nam a2200301 c 4500</leader>
    <controlfield tag="001">450362507</controlfield>
    <controlfield tag="003">DE-101</controlfield>
    <controlfield tag="005">20071222190941.0</controlfield>
    <controlfield tag="007">tu</controlfield>
    <controlfield tag="008">950116s1959    gw |||||r|||| 00||||ger  </controlfield>
    <datafield ind1="7" ind2=" " tag="016">
      <subfield code="2">DE-101</subfield>
      <subfield code="a">450362507</subfield>
    </datafield>
    <datafield ind1=" " ind2=" " tag="020">
      <subfield code="c">kart. : 3.60</subfield>
    </datafield>
    <datafield ind1=" " ind2=" " tag="035">
      <subfield code="a">(DE-599)DNB450362507</subfield>
    </datafield>
    <datafield ind1=" " ind2=" " tag="035">
      <subfield code="a">(OCoLC)601538311</subfield>
    </datafield>
    <datafield ind1=" " ind2=" " tag="040">
      <subfield code="a">1200</subfield>
      <subfield code="b">ger</subfield>
      <subfield code="c">DE-101</subfield>
      <subfield code="d">9999</subfield>
    </datafield>
    <datafield ind1=" " ind2=" " tag="041">
      <subfield code="a">ger</subfield>
    </datafield>
    <datafield ind1=" " ind2=" " tag="044">
      <subfield code="c">XA-DE</subfield>
    </datafield>
    <datafield ind1="7" ind2="4" tag="082">
      <subfield code="q">DE-101</subfield>
      <subfield code="2">22sdnb</subfield>
    </datafield>
    <datafield ind1=" " ind2=" " tag="084">
      <subfield code="a">07a</subfield>
      <subfield code="a">400</subfield>
      <subfield code="a">420</subfield>
      <subfield code="a">430</subfield>
      <subfield code="a">439</subfield>
      <subfield code="a">440</subfield>
      <subfield code="a">450</subfield>
      <subfield code="a">460</subfield>
      <subfield code="a">470</subfield>
      <subfield code="a">480</subfield>
      <subfield code="a">490</subfield>
      <subfield code="a">800</subfield>
      <subfield code="a">810</subfield>
      <subfield code="a">820</subfield>
      <subfield code="a">830</subfield>
      <subfield code="a">839</subfield>
      <subfield code="a">840</subfield>
      <subfield code="a">850</subfield>
      <subfield code="a">860</subfield>
      <subfield code="a">870</subfield>
      <subfield code="a">880</subfield>
      <subfield code="a">890</subfield>
      <subfield code="q">DE-101</subfield>
      <subfield code="2">sdnb</subfield>
    </datafield>
    <datafield ind1="1" ind2="0" tag="245">
      <subfield code="a">Beowulf</subfield>
      <subfield code="b">Eine Auswahl mit Einf., teilw.</subfield>
      <subfield code="c">Übers., Anm. u. etymolog. Wörterbuch von Martin Lehnert</subfield>
    </datafield>
    <datafield ind1=" " ind2=" " tag="250">
      <subfield code="a">3., verb. Aufl.</subfield>
    </datafield>
    <datafield ind1=" " ind2=" " tag="259">
      <subfield code="a">13</subfield>
    </datafield>
    <datafield ind1="3" ind2=" " tag="260">
      <subfield code="a">Berlin</subfield>
      <subfield code="b">de Gruyter</subfield>
      <subfield code="c">1959</subfield>
    </datafield>
    <datafield ind1=" " ind2=" " tag="300">
      <subfield code="a">135 S.</subfield>
      <subfield code="c">kl. 8</subfield>
    </datafield>
    <datafield ind1="1" ind2=" " tag="490">
      <subfield code="a">Sammlung Göschen</subfield>
      <subfield code="v">Bd. 1135</subfield>
    </datafield>
    <datafield ind1=" " ind2=" " tag="500">
      <subfield code="a">[Ausz.]</subfield>
    </datafield>
    <datafield ind1="1" ind2=" " tag="700">
      <subfield code="0">(DE-588)118571168</subfield>
      <subfield code="0">(DE-101)118571168</subfield>
      <subfield code="a">Lehnert, Martin</subfield>
      <subfield code="d">1910-1992</subfield>
      <subfield code="4">cre</subfield>
    </datafield>
    <datafield ind1=" " ind2="0" tag="830">
      <subfield code="a">Sammlung Göschen</subfield>
      <subfield code="v">Bd. 1135</subfield>
      <subfield code="9">41135</subfield>
    </datafield>
  </record>