
  <record>
    <leader>01077nam a2200277 c 4500</leader>
    <controlfield tag="001">450558754</controlfield>
    <controlfield tag="003">DE-101</controlfield>
    <controlfield tag="005">20080229133943.0</controlfield>
    <controlfield tag="007">tu</controlfield>
    <controlfield tag="008">950117s1959    gw |||||r|||| 00||||ger  </controlfield>
    <datafield ind1="7" ind2=" " tag="016">
      <subfield code="2">DE-101</subfield>
      <subfield code="a">450558754</subfield>
    </datafield>
    <datafield ind1=" " ind2=" " tag="020">
      <subfield code="c">13.50</subfield>
    </datafield>
    <datafield ind1=" " ind2=" " tag="035">
      <subfield code="a">(DE-599)DNB450558754</subfield>
    </datafield>
    <datafield ind1=" " ind2=" " tag="035">
      <subfield code="a">(OCoLC)73269463</subfield>
    </datafield>
    <datafield ind1=" " ind2=" " tag="040">
      <subfield code="a">1200</subfield>
      <subfield code="b">ger</subfield>
      <subfield code="c">DE-101</subfield>
      <subfield code="d">1260</subfield>
    </datafield>
    <datafield ind1=" " ind2=" " tag="041">
      <subfield code="a">ger</subfield>
    </datafield>
    <datafield ind1=" " ind2=" " tag="044">
      <subfield code="c">XA-DE</subfield>
    </datafield>
    <datafield ind1="7" ind2="4" tag="082">
      <subfield code="q">DE-101</subfield>
      <subfield code="2">22sdnb</subfield>
    </datafield>
    <datafield ind1=" " ind2=" " tag="084">
      <subfield code="a">25a</subfield>
      <subfield code="a">08a</subfield>
      <subfield code="q">DE-101</subfield>
      <subfield code="2">sdnb</subfield>
    </datafield>
    <datafield ind1="1" ind2=" " tag="100">
      <subfield code="0">(DE-588)118513451</subfield>
      <subfield code="0">(DE-101)118513451</subfield>
      <subfield code="a">Borchert, Wolfgang</subfield>
      <subfield code="d">1921-1947</subfield>
      <subfield code="4">aut</subfield>
    </datafield>
    <datafield ind1="1" ind2="0" tag="243">
      <subfield code="a">Sammlung</subfield>
    </datafield>
    <datafield ind1="1" ind2="0" tag="245">
      <subfield code="a">Draussen vor der Tür</subfield>
      <subfield code="b">6 Szenen d. Beckmann. Wolfgang Borchert zum Gedächtnis</subfield>
      <subfield code="c">Wolfgang Borchert. Sprecher: Heinz Reincke</subfield>
    </datafield>
    <datafield ind1="3" ind2=" " tag="260">
      <subfield code="a">[Hamburg]</subfield>
      <subfield code="b">[Teldec]</subfield>
      <subfield code="c">1959, [1959]</subfield>
    </datafield>
    <datafield ind1=" " ind2=" " tag="300">
      <subfield code="a">Sprechplatte</subfield>
      <subfield code="b">33 UpM</subfield>
      <subfield code="c">25 cm</subfield>
    </datafield>
    <datafield ind1=" " ind2=" " tag="500">
      <subfield code="a">Enth.: Generation ohne Abschied. Liebeslied "Weil nun die Wacht komnt". Ich möchte Leuchtturm sein. Der Schriftsteller. Kinderlied "Wo wohnt der liebe Gott?" Die drei dunklen Könige</subfield>
    </datafield>
    <datafield ind1="1" ind2=" " tag="700">
      <subfield code="0">(DE-588)116415959</subfield>
      <subfield code="0">(DE-101)116415959</subfield>
      <subfield code="a">Reincke, Heinz</subfield>
      <subfield code="d">1925-2011</subfield>
      <subfield code="4">cre</subfield>
    </datafield>
  </record>