
  <record>
    <leader>01043nam a2200277 c 4500</leader>
    <controlfield tag="001">450558800</controlfield>
    <controlfield tag="003">DE-101</controlfield>
    <controlfield tag="005">20110330010239.0</controlfield>
    <controlfield tag="007">tu</controlfield>
    <controlfield tag="008">950117s1960    gw |||||r|||| 00||||ger  </controlfield>
    <datafield ind1="7" ind2=" " tag="016">
      <subfield code="2">DE-101</subfield>
      <subfield code="a">450558800</subfield>
    </datafield>
    <datafield ind1=" " ind2=" " tag="020">
      <subfield code="c">zus. : 38.-</subfield>
    </datafield>
    <datafield ind1=" " ind2=" " tag="035">
      <subfield code="a">(DE-599)DNB450558800</subfield>
    </datafield>
    <datafield ind1=" " ind2=" " tag="035">
      <subfield code="a">(OCoLC)73269471</subfield>
    </datafield>
    <datafield ind1=" " ind2=" " tag="040">
      <subfield code="a">1200</subfield>
      <subfield code="b">ger</subfield>
      <subfield code="c">DE-101</subfield>
      <subfield code="d">9999</subfield>
    </datafield>
    <datafield ind1=" " ind2=" " tag="041">
      <subfield code="a">ger</subfield>
    </datafield>
    <datafield ind1=" " ind2=" " tag="044">
      <subfield code="c">XA-DE</subfield>
    </datafield>
    <datafield ind1="7" ind2="4" tag="082">
      <subfield code="q">DE-101</subfield>
      <subfield code="2">22sdnb</subfield>
    </datafield>
    <datafield ind1=" " ind2=" " tag="084">
      <subfield code="a">25a</subfield>
      <subfield code="a">08a</subfield>
      <subfield code="q">DE-101</subfield>
      <subfield code="2">sdnb</subfield>
    </datafield>
    <datafield ind1="1" ind2=" " tag="100">
      <subfield code="0">(DE-588)118513451</subfield>
      <subfield code="0">(DE-101)118513451</subfield>
      <subfield code="a">Borchert, Wolfgang</subfield>
      <subfield code="d">1921-1947</subfield>
      <subfield code="4">aut</subfield>
    </datafield>
    <datafield ind1="1" ind2="0" tag="245">
      <subfield code="a">Draussen vor der Tür</subfield>
      <subfield code="b">[Hörspielbearb.] Originalaufnahme d. Sendung d. NWDR Hamburg vom 13.2.1947</subfield>
      <subfield code="c">Wolfgang Borchert. [Regie: Ludwig Cremer. [Sprecher:] Hans Quest, Gustel Busch u.a.]</subfield>
    </datafield>
    <datafield ind1="3" ind2=" " tag="260">
      <subfield code="a">[Stuttgart]</subfield>
      <subfield code="b">[Cotta]</subfield>
      <subfield code="c">1960, [1960]</subfield>
    </datafield>
    <datafield ind1=" " ind2=" " tag="300">
      <subfield code="a">2 Sprechplatten</subfield>
      <subfield code="b">33 UpM</subfield>
      <subfield code="c">30 cm</subfield>
    </datafield>
    <datafield ind1="0" ind2=" " tag="490">
      <subfield code="a">Cottas Hörspielbühne</subfield>
    </datafield>
    <datafield ind1="1" ind2=" " tag="700">
      <subfield code="0">(DE-588)104908629</subfield>
      <subfield code="0">(DE-101)104908629</subfield>
      <subfield code="a">Quest, Hans</subfield>
      <subfield code="d">1915-1997</subfield>
      <subfield code="4">cre</subfield>
    </datafield>
    <datafield ind1="1" ind2=" " tag="700">
      <subfield code="0">(DE-588)135323428</subfield>
      <subfield code="0">(DE-101)135323428</subfield>
      <subfield code="a">Busch, Gustl</subfield>
      <subfield code="d">1900-1964</subfield>
      <subfield code="4">cre</subfield>
    </datafield>
  </record>