
  <record>
    <leader>00947nam a2200277 c 4500</leader>
    <controlfield tag="001">450893510</controlfield>
    <controlfield tag="003">DE-101</controlfield>
    <controlfield tag="005">20071222200010.0</controlfield>
    <controlfield tag="007">tu</controlfield>
    <controlfield tag="008">950119s1951    gw |||||r|||| 00||||ger  </controlfield>
    <datafield ind1="7" ind2=" " tag="016">
      <subfield code="2">DE-101</subfield>
      <subfield code="a">450893510</subfield>
    </datafield>
    <datafield ind1=" " ind2=" " tag="020">
      <subfield code="c">Lw. : 6.80</subfield>
    </datafield>
    <datafield ind1=" " ind2=" " tag="035">
      <subfield code="a">(DE-599)DNB450893510</subfield>
    </datafield>
    <datafield ind1=" " ind2=" " tag="035">
      <subfield code="a">(OCoLC)73313431</subfield>
    </datafield>
    <datafield ind1=" " ind2=" " tag="040">
      <subfield code="a">1200</subfield>
      <subfield code="b">ger</subfield>
      <subfield code="c">DE-101</subfield>
      <subfield code="d">9999</subfield>
    </datafield>
    <datafield ind1=" " ind2=" " tag="041">
      <subfield code="a">ger</subfield>
    </datafield>
    <datafield ind1=" " ind2=" " tag="044">
      <subfield code="c">XA-DE</subfield>
    </datafield>
    <datafield ind1="7" ind2="4" tag="082">
      <subfield code="q">DE-101</subfield>
      <subfield code="2">22sdnb</subfield>
    </datafield>
    <datafield ind1=" " ind2=" " tag="084">
      <subfield code="a">11a</subfield>
      <subfield code="a">07a</subfield>
      <subfield code="a">S</subfield>
      <subfield code="q">DE-101</subfield>
      <subfield code="2">sdnb</subfield>
    </datafield>
    <datafield ind1="1" ind2=" " tag="100">
      <subfield code="0">(DE-588)119187337</subfield>
      <subfield code="0">(DE-101)119187337</subfield>
      <subfield code="a">Delmer, Frederic S.</subfield>
      <subfield code="d">1864-1931</subfield>
      <subfield code="4">aut</subfield>
    </datafield>
    <datafield ind1="1" ind2="0" tag="245">
      <subfield code="a">English Literature from Beowulf to T. S. Eliot</subfield>
      <subfield code="b">For the use of schools, universities and private students</subfield>
      <subfield code="c">F. Sefton Delmer</subfield>
    </datafield>
    <datafield ind1=" " ind2=" " tag="250">
      <subfield code="a">22. ed. with alterations and new chapters and sections by H. S. Harvey</subfield>
    </datafield>
    <datafield ind1=" " ind2=" " tag="259">
      <subfield code="a">222</subfield>
    </datafield>
    <datafield ind1="3" ind2=" " tag="260">
      <subfield code="a">Berlin</subfield>
      <subfield code="a">Köln</subfield>
      <subfield code="b">Weidmann-Greven</subfield>
      <subfield code="c">1951</subfield>
    </datafield>
    <datafield ind1=" " ind2=" " tag="300">
      <subfield code="a">260 S.</subfield>
      <subfield code="c">8</subfield>
    </datafield>
    <datafield ind1="1" ind2=" " tag="700">
      <subfield code="0">(DE-588)105260320</subfield>
      <subfield code="0">(DE-101)105260320</subfield>
      <subfield code="a">Harvey, Henry Stanley</subfield>
      <subfield code="4">cre</subfield>
    </datafield>
  </record>