
  <record>
    <leader>00924nam a2200265 c 4500</leader>
    <controlfield tag="001">450976955</controlfield>
    <controlfield tag="003">DE-101</controlfield>
    <controlfield tag="005">20071222200735.0</controlfield>
    <controlfield tag="007">tu</controlfield>
    <controlfield tag="008">950119s1965    gw |||||r|||| 00||||ger  </controlfield>
    <datafield ind1="7" ind2=" " tag="016">
      <subfield code="2">DE-101</subfield>
      <subfield code="a">450976955</subfield>
    </datafield>
    <datafield ind1=" " ind2=" " tag="020">
      <subfield code="c">Pp. : 14.80</subfield>
    </datafield>
    <datafield ind1=" " ind2=" " tag="035">
      <subfield code="a">(DE-599)DNB450976955</subfield>
    </datafield>
    <datafield ind1=" " ind2=" " tag="035">
      <subfield code="a">(OCoLC)73324541</subfield>
    </datafield>
    <datafield ind1=" " ind2=" " tag="040">
      <subfield code="a">1200</subfield>
      <subfield code="b">ger</subfield>
      <subfield code="c">DE-101</subfield>
      <subfield code="d">9999</subfield>
    </datafield>
    <datafield ind1=" " ind2=" " tag="041">
      <subfield code="a">ger</subfield>
    </datafield>
    <datafield ind1=" " ind2=" " tag="044">
      <subfield code="c">XA-DE</subfield>
    </datafield>
    <datafield ind1="7" ind2="4" tag="082">
      <subfield code="q">DE-101</subfield>
      <subfield code="2">22sdnb</subfield>
    </datafield>
    <datafield ind1=" " ind2=" " tag="084">
      <subfield code="a">02a</subfield>
      <subfield code="a">03b</subfield>
      <subfield code="a">200</subfield>
      <subfield code="a">220</subfield>
      <subfield code="a">230</subfield>
      <subfield code="a">290</subfield>
      <subfield code="q">DE-101</subfield>
      <subfield code="2">sdnb</subfield>
    </datafield>
    <datafield ind1="0" ind2=" " tag="100">
      <subfield code="0">(DE-588)105333808</subfield>
      <subfield code="0">(DE-101)105333808</subfield>
      <subfield code="a">Marian Dolores</subfield>
      <subfield code="c">Sister</subfield>
      <subfield code="4">aut</subfield>
    </datafield>
    <datafield ind1="1" ind2="0" tag="245">
      <subfield code="a">Entfaltung der Persönlichkeit im Ordensleben</subfield>
      <subfield code="b">Eine Psychologie d. religiösen Gemeinschaft</subfield>
      <subfield code="c">Marian Dolores. [Übers.: Paul F. Portmann]</subfield>
    </datafield>
    <datafield ind1="3" ind2=" " tag="260">
      <subfield code="a">Luzern</subfield>
      <subfield code="a">Stuttgart</subfield>
      <subfield code="b">Räber</subfield>
      <subfield code="c">1965</subfield>
    </datafield>
    <datafield ind1=" " ind2=" " tag="300">
      <subfield code="a">188 S.</subfield>
      <subfield code="c">8</subfield>
    </datafield>
    <datafield ind1="1" ind2=" " tag="700">
      <subfield code="0">(DE-588)104993359</subfield>
      <subfield code="0">(DE-101)104993359</subfield>
      <subfield code="a">Portmann, Paul Ferdinand</subfield>
      <subfield code="4">cre</subfield>
    </datafield>
    <datafield ind1="0" ind2=" " tag="730">
      <subfield code="a">Creative Personality in religious life</subfield>
      <subfield code="g">dt.</subfield>
    </datafield>
  </record>