
  <record>
    <leader>00860nam a2200265 c 4500</leader>
    <controlfield tag="001">451016823</controlfield>
    <controlfield tag="003">DE-101</controlfield>
    <controlfield tag="005">20060602172426.0</controlfield>
    <controlfield tag="007">tu</controlfield>
    <controlfield tag="008">950119s1965    gw |||||r|||| 00||||ger  </controlfield>
    <datafield ind1="7" ind2=" " tag="016">
      <subfield code="2">DE-101</subfield>
      <subfield code="a">451016823</subfield>
    </datafield>
    <datafield ind1=" " ind2=" " tag="020">
      <subfield code="c">Lw. : DM-Ost 11.90</subfield>
    </datafield>
    <datafield ind1=" " ind2=" " tag="035">
      <subfield code="a">(DE-599)DNB451016823</subfield>
    </datafield>
    <datafield ind1=" " ind2=" " tag="035">
      <subfield code="a">(OCoLC)73330101</subfield>
    </datafield>
    <datafield ind1=" " ind2=" " tag="040">
      <subfield code="a">1200</subfield>
      <subfield code="b">ger</subfield>
      <subfield code="c">DE-101</subfield>
      <subfield code="d">9999</subfield>
    </datafield>
    <datafield ind1=" " ind2=" " tag="041">
      <subfield code="a">ger</subfield>
    </datafield>
    <datafield ind1=" " ind2=" " tag="044">
      <subfield code="c">XA-DE</subfield>
    </datafield>
    <datafield ind1="1" ind2=" " tag="100">
      <subfield code="0">(DE-588)118528068</subfield>
      <subfield code="0">(DE-101)118528068</subfield>
      <subfield code="a">Dumas, Alexandre</subfield>
      <subfield code="d">1802-1870</subfield>
      <subfield code="4">aut</subfield>
    </datafield>
    <datafield ind1="1" ind2="0" tag="245">
      <subfield code="a">Die drei Musketiere</subfield>
      <subfield code="c">Alexandre Dumas. [Aus d. Franz. übers. von Herbert Bräuning. Mit e. Nachw. von Christine Wolter]</subfield>
    </datafield>
    <datafield ind1=" " ind2=" " tag="250">
      <subfield code="a">2. Aufl.</subfield>
    </datafield>
    <datafield ind1=" " ind2=" " tag="259">
      <subfield code="a">12</subfield>
    </datafield>
    <datafield ind1="3" ind2=" " tag="260">
      <subfield code="a">Berlin</subfield>
      <subfield code="b">Rütten &amp; Loening</subfield>
      <subfield code="c">1965</subfield>
    </datafield>
    <datafield ind1=" " ind2=" " tag="300">
      <subfield code="a">659 S.</subfield>
      <subfield code="c">8</subfield>
    </datafield>
    <datafield ind1="1" ind2=" " tag="700">
      <subfield code="0">(DE-588)104574577</subfield>
      <subfield code="0">(DE-101)104574577</subfield>
      <subfield code="a">Bräuning, Herbert</subfield>
      <subfield code="4">cre</subfield>
    </datafield>
    <datafield ind1="0" ind2=" " tag="730">
      <subfield code="a">Les trois Mousquetaires</subfield>
      <subfield code="g">dt.</subfield>
    </datafield>
  </record>