
  <record>
    <leader>00957nam a2200265 c 4500</leader>
    <controlfield tag="001">451016912</controlfield>
    <controlfield tag="003">DE-101</controlfield>
    <controlfield tag="005">20130227004225.0</controlfield>
    <controlfield tag="007">tu</controlfield>
    <controlfield tag="008">950119s1958    gw |||||r|||| 00||||ger  </controlfield>
    <datafield ind1="7" ind2=" " tag="016">
      <subfield code="2">DE-101</subfield>
      <subfield code="a">451016912</subfield>
    </datafield>
    <datafield ind1=" " ind2=" " tag="020">
      <subfield code="c">kart. mit Lw.-Rücken : 3.80</subfield>
    </datafield>
    <datafield ind1=" " ind2=" " tag="035">
      <subfield code="a">(DE-599)DNB451016912</subfield>
    </datafield>
    <datafield ind1=" " ind2=" " tag="035">
      <subfield code="a">(OCoLC)73330117</subfield>
    </datafield>
    <datafield ind1=" " ind2=" " tag="040">
      <subfield code="a">1200</subfield>
      <subfield code="b">ger</subfield>
      <subfield code="c">DE-101</subfield>
      <subfield code="d">9999</subfield>
    </datafield>
    <datafield ind1=" " ind2=" " tag="041">
      <subfield code="a">ger</subfield>
    </datafield>
    <datafield ind1=" " ind2=" " tag="044">
      <subfield code="c">XA-DE</subfield>
    </datafield>
    <datafield ind1="1" ind2=" " tag="100">
      <subfield code="0">(DE-588)118528068</subfield>
      <subfield code="0">(DE-101)118528068</subfield>
      <subfield code="a">Dumas, Alexandre</subfield>
      <subfield code="d">1802-1870</subfield>
      <subfield code="4">aut</subfield>
    </datafield>
    <datafield ind1="1" ind2="0" tag="245">
      <subfield code="a">Zwanzig Jahre nachher</subfield>
      <subfield code="b">Die Fortsetzung d. Romans "Die drei Musketiere"</subfield>
      <subfield code="c">Alexander Dumas. Übertr. u. bearb. von Edmund Th. Kauer</subfield>
    </datafield>
    <datafield ind1="3" ind2=" " tag="260">
      <subfield code="a">München</subfield>
      <subfield code="b">Goldmann</subfield>
      <subfield code="c">1958</subfield>
    </datafield>
    <datafield ind1=" " ind2=" " tag="300">
      <subfield code="a">397 S.</subfield>
      <subfield code="c">kl. 8</subfield>
    </datafield>
    <datafield ind1="1" ind2=" " tag="490">
      <subfield code="a">Goldmanns gelbe Taschenbücher</subfield>
      <subfield code="v">Bd. 462/463</subfield>
    </datafield>
    <datafield ind1="1" ind2=" " tag="700">
      <subfield code="0">(DE-588)1024144569</subfield>
      <subfield code="0">(DE-101)1024144569</subfield>
      <subfield code="a">Kauer, Edmund Th.</subfield>
      <subfield code="d">1899-1973</subfield>
      <subfield code="4">cre</subfield>
    </datafield>
    <datafield ind1="0" ind2=" " tag="730">
      <subfield code="a">Vingt ans après</subfield>
      <subfield code="g">dt.</subfield>
    </datafield>
    <datafield ind1=" " ind2="0" tag="830">
      <subfield code="a">Goldmanns gelbe Taschenbücher</subfield>
      <subfield code="v">Bd. 462/463</subfield>
      <subfield code="9">3463</subfield>
    </datafield>
  </record>