
  <record>
    <leader>01048nam a2200277 c 4500</leader>
    <controlfield tag="001">451336453</controlfield>
    <controlfield tag="003">DE-101</controlfield>
    <controlfield tag="005">20121010092217.0</controlfield>
    <controlfield tag="007">tu</controlfield>
    <controlfield tag="008">950123s1950    gw |||||r|||| 00||||ger  </controlfield>
    <datafield ind1="7" ind2=" " tag="016">
      <subfield code="2">DE-101</subfield>
      <subfield code="a">451336453</subfield>
    </datafield>
    <datafield ind1=" " ind2=" " tag="020">
      <subfield code="c">Lw. : 7.80</subfield>
    </datafield>
    <datafield ind1=" " ind2=" " tag="035">
      <subfield code="a">(DE-599)DNB451336453</subfield>
    </datafield>
    <datafield ind1=" " ind2=" " tag="035">
      <subfield code="a">(OCoLC)601345584</subfield>
    </datafield>
    <datafield ind1=" " ind2=" " tag="040">
      <subfield code="a">1200</subfield>
      <subfield code="b">ger</subfield>
      <subfield code="c">DE-101</subfield>
      <subfield code="d">1210</subfield>
    </datafield>
    <datafield ind1=" " ind2=" " tag="041">
      <subfield code="a">ger</subfield>
    </datafield>
    <datafield ind1=" " ind2=" " tag="044">
      <subfield code="c">XA-DE</subfield>
    </datafield>
    <datafield ind1="7" ind2="4" tag="082">
      <subfield code="q">DE-101</subfield>
      <subfield code="2">22sdnb</subfield>
    </datafield>
    <datafield ind1=" " ind2=" " tag="084">
      <subfield code="a">08a</subfield>
      <subfield code="a">810</subfield>
      <subfield code="a">820</subfield>
      <subfield code="a">830</subfield>
      <subfield code="a">839</subfield>
      <subfield code="a">840</subfield>
      <subfield code="a">850</subfield>
      <subfield code="a">860</subfield>
      <subfield code="a">870</subfield>
      <subfield code="a">880</subfield>
      <subfield code="a">890</subfield>
      <subfield code="a">B</subfield>
      <subfield code="q">DE-101</subfield>
      <subfield code="2">sdnb</subfield>
    </datafield>
    <datafield ind1="1" ind2=" " tag="100">
      <subfield code="0">(DE-588)118534734</subfield>
      <subfield code="0">(DE-101)118534734</subfield>
      <subfield code="a">Frank, Anne</subfield>
      <subfield code="d">1929-1945</subfield>
      <subfield code="4">aut</subfield>
    </datafield>
    <datafield ind1="1" ind2="0" tag="245">
      <subfield code="a">Das Tagebuch der Anne Frank</subfield>
      <subfield code="b">14. Juni 1942 - 1. August 1944</subfield>
      <subfield code="c">Anne Frank. Mit e. Einf. von Marie Baum. [Aus d. Holländischen übertr. von Anneliese Schütz]</subfield>
    </datafield>
    <datafield ind1="3" ind2=" " tag="260">
      <subfield code="a">Heidelberg</subfield>
      <subfield code="b">L. Schneider</subfield>
      <subfield code="c">1950</subfield>
    </datafield>
    <datafield ind1=" " ind2=" " tag="300">
      <subfield code="a">VII, 273 S.</subfield>
      <subfield code="b">mit Abb.</subfield>
      <subfield code="c">8</subfield>
    </datafield>
    <datafield ind1="1" ind2=" " tag="700">
      <subfield code="0">(DE-588)116087749</subfield>
      <subfield code="0">(DE-101)116087749</subfield>
      <subfield code="a">Baum, Marie</subfield>
      <subfield code="d">1874-1964</subfield>
      <subfield code="4">cre</subfield>
    </datafield>
    <datafield ind1="1" ind2=" " tag="700">
      <subfield code="0">(DE-588)1026733162</subfield>
      <subfield code="0">(DE-101)1026733162</subfield>
      <subfield code="a">Schütz, Anneliese</subfield>
      <subfield code="4">cre</subfield>
    </datafield>
    <datafield ind1="0" ind2=" " tag="730">
      <subfield code="a">Het Achterhuis</subfield>
      <subfield code="g">dt.</subfield>
    </datafield>
  </record>