
  <record>
    <leader>00863nam a2200265 c 4500</leader>
    <controlfield tag="001">451926919</controlfield>
    <controlfield tag="003">DE-101</controlfield>
    <controlfield tag="005">20080422080817.0</controlfield>
    <controlfield tag="007">tu</controlfield>
    <controlfield tag="008">950125s1957    gw |||||r|||| 00||||ger  </controlfield>
    <datafield ind1="7" ind2=" " tag="016">
      <subfield code="2">DE-101</subfield>
      <subfield code="a">451926919</subfield>
    </datafield>
    <datafield ind1=" " ind2=" " tag="020">
      <subfield code="c">Lw. : S. 68.-</subfield>
    </datafield>
    <datafield ind1=" " ind2=" " tag="035">
      <subfield code="a">(DE-599)DNB451926919</subfield>
    </datafield>
    <datafield ind1=" " ind2=" " tag="035">
      <subfield code="a">(OCoLC)602332120</subfield>
    </datafield>
    <datafield ind1=" " ind2=" " tag="040">
      <subfield code="a">1200</subfield>
      <subfield code="b">ger</subfield>
      <subfield code="c">DE-101</subfield>
      <subfield code="d">1140</subfield>
    </datafield>
    <datafield ind1=" " ind2=" " tag="041">
      <subfield code="a">ger</subfield>
    </datafield>
    <datafield ind1=" " ind2=" " tag="044">
      <subfield code="c">XA-DE</subfield>
    </datafield>
    <datafield ind1="7" ind2="4" tag="082">
      <subfield code="q">DE-101</subfield>
      <subfield code="2">22sdnb</subfield>
    </datafield>
    <datafield ind1=" " ind2=" " tag="084">
      <subfield code="a">05a</subfield>
      <subfield code="a">330</subfield>
      <subfield code="a">380</subfield>
      <subfield code="a">650</subfield>
      <subfield code="a">670</subfield>
      <subfield code="q">DE-101</subfield>
      <subfield code="2">sdnb</subfield>
    </datafield>
    <datafield ind1="1" ind2=" " tag="100">
      <subfield code="0">(DE-588)118548514</subfield>
      <subfield code="0">(DE-101)118548514</subfield>
      <subfield code="a">Heinrich, Walter</subfield>
      <subfield code="d">1902-1984</subfield>
      <subfield code="4">aut</subfield>
    </datafield>
    <datafield ind1="1" ind2="0" tag="245">
      <subfield code="a">Wirtschaft und Persönlichkeit</subfield>
      <subfield code="b">Die Führungsaufg. d. Unternehmers u. seiner Mitarb. in d. freien Welt</subfield>
      <subfield code="c">Walter Heinrich</subfield>
    </datafield>
    <datafield ind1="3" ind2=" " tag="260">
      <subfield code="a">Salzburg</subfield>
      <subfield code="b">O. Müller</subfield>
      <subfield code="c">1957</subfield>
    </datafield>
    <datafield ind1=" " ind2=" " tag="300">
      <subfield code="a">216 S.</subfield>
      <subfield code="c">kl. 8</subfield>
    </datafield>
    <datafield ind1="1" ind2=" " tag="490">
      <subfield code="a">Reihe Wort und Antwort</subfield>
      <subfield code="v">Bd. 16</subfield>
    </datafield>
    <datafield ind1=" " ind2="0" tag="830">
      <subfield code="a">Reihe Wort und Antwort</subfield>
      <subfield code="v">Bd. 16</subfield>
      <subfield code="9">216</subfield>
    </datafield>
  </record>