
  <record>
    <leader>00793nam a2200253 c 4500</leader>
    <controlfield tag="001">452020697</controlfield>
    <controlfield tag="003">DE-101</controlfield>
    <controlfield tag="005">20060603004605.0</controlfield>
    <controlfield tag="007">tu</controlfield>
    <controlfield tag="008">950126s1953    gw |||||r|||| 00||||ger  </controlfield>
    <datafield ind1="7" ind2=" " tag="016">
      <subfield code="2">DE-101</subfield>
      <subfield code="a">452020697</subfield>
    </datafield>
    <datafield ind1=" " ind2=" " tag="020">
      <subfield code="c">kart. : 1.30</subfield>
    </datafield>
    <datafield ind1=" " ind2=" " tag="035">
      <subfield code="a">(DE-599)DNB452020697</subfield>
    </datafield>
    <datafield ind1=" " ind2=" " tag="035">
      <subfield code="a">(OCoLC)73451239</subfield>
    </datafield>
    <datafield ind1=" " ind2=" " tag="040">
      <subfield code="a">1200</subfield>
      <subfield code="b">ger</subfield>
      <subfield code="c">DE-101</subfield>
      <subfield code="d">9999</subfield>
    </datafield>
    <datafield ind1=" " ind2=" " tag="041">
      <subfield code="a">ger</subfield>
    </datafield>
    <datafield ind1=" " ind2=" " tag="044">
      <subfield code="c">XA-DE</subfield>
    </datafield>
    <datafield ind1="1" ind2=" " tag="100">
      <subfield code="0">(DE-588)105815209</subfield>
      <subfield code="0">(DE-101)105815209</subfield>
      <subfield code="a">Hillyers, Dorothy</subfield>
      <subfield code="4">aut</subfield>
    </datafield>
    <datafield ind1="1" ind2="0" tag="245">
      <subfield code="a">A short History of English literature from Beowulf to Thomas Hardy</subfield>
      <subfield code="b">For the use of schools and private students</subfield>
      <subfield code="c">Dorothy Hillyers</subfield>
    </datafield>
    <datafield ind1=" " ind2=" " tag="250">
      <subfield code="a">6th ed., [12. Tsd.]</subfield>
    </datafield>
    <datafield ind1=" " ind2=" " tag="259">
      <subfield code="a">16</subfield>
    </datafield>
    <datafield ind1="3" ind2=" " tag="260">
      <subfield code="a">Bad Dürkheim</subfield>
      <subfield code="b">Beacon-Verl.</subfield>
      <subfield code="c">1953, [1953]</subfield>
    </datafield>
    <datafield ind1=" " ind2=" " tag="300">
      <subfield code="a">96 S.</subfield>
      <subfield code="c">kl. 8</subfield>
    </datafield>
    <datafield ind1="0" ind2=" " tag="490">
      <subfield code="a">The Beacon's cultural Series</subfield>
    </datafield>
  </record>