
  <record>
    <leader>00695nam a2200241 c 4500</leader>
    <controlfield tag="001">452097231</controlfield>
    <controlfield tag="003">DE-101</controlfield>
    <controlfield tag="005">20060603011054.0</controlfield>
    <controlfield tag="007">tu</controlfield>
    <controlfield tag="008">950126s1965    gw |||||r|||| 00||||ger  </controlfield>
    <datafield ind1="7" ind2=" " tag="016">
      <subfield code="2">DE-101</subfield>
      <subfield code="a">452097231</subfield>
    </datafield>
    <datafield ind1=" " ind2=" " tag="020">
      <subfield code="c">Lw. : 28.-</subfield>
    </datafield>
    <datafield ind1=" " ind2=" " tag="035">
      <subfield code="a">(DE-599)DNB452097231</subfield>
    </datafield>
    <datafield ind1=" " ind2=" " tag="035">
      <subfield code="a">(OCoLC)73457973</subfield>
    </datafield>
    <datafield ind1=" " ind2=" " tag="040">
      <subfield code="a">1200</subfield>
      <subfield code="b">ger</subfield>
      <subfield code="c">DE-101</subfield>
      <subfield code="d">9999</subfield>
    </datafield>
    <datafield ind1=" " ind2=" " tag="041">
      <subfield code="a">ger</subfield>
    </datafield>
    <datafield ind1=" " ind2=" " tag="044">
      <subfield code="c">XA-DE</subfield>
    </datafield>
    <datafield ind1="1" ind2=" " tag="100">
      <subfield code="0">(DE-588)116981024</subfield>
      <subfield code="0">(DE-101)116981024</subfield>
      <subfield code="a">Hoops, Johannes</subfield>
      <subfield code="d">1865-1949</subfield>
      <subfield code="4">aut</subfield>
    </datafield>
    <datafield ind1="1" ind2="0" tag="245">
      <subfield code="a">Kommentar zum Beowulf</subfield>
      <subfield code="c">Johannes Hoops</subfield>
    </datafield>
    <datafield ind1=" " ind2=" " tag="250">
      <subfield code="a">2., unveränd. Aufl., Unveränd. Nachdr. d. 1. Aufl. 1932</subfield>
    </datafield>
    <datafield ind1=" " ind2=" " tag="259">
      <subfield code="a">12 ndr</subfield>
    </datafield>
    <datafield ind1="3" ind2=" " tag="260">
      <subfield code="a">Heidelberg</subfield>
      <subfield code="b">C. Winter</subfield>
      <subfield code="c">1965</subfield>
    </datafield>
    <datafield ind1=" " ind2=" " tag="300">
      <subfield code="a">VIII, 333 S.</subfield>
      <subfield code="c">gr. 8</subfield>
    </datafield>
  </record>