
  <record>
    <leader>00608nam a2200205 c 4500</leader>
    <controlfield tag="001">452111056</controlfield>
    <controlfield tag="003">DE-101</controlfield>
    <controlfield tag="005">20110406010038.0</controlfield>
    <controlfield tag="007">tu</controlfield>
    <controlfield tag="008">950126s1950    gw |||||r|||| 00||||ger  </controlfield>
    <datafield ind1="7" ind2=" " tag="016">
      <subfield code="2">DE-101</subfield>
      <subfield code="a">452111056</subfield>
    </datafield>
    <datafield ind1=" " ind2=" " tag="035">
      <subfield code="a">(DE-599)DNB452111056</subfield>
    </datafield>
    <datafield ind1=" " ind2=" " tag="035">
      <subfield code="a">(OCoLC)73459225</subfield>
    </datafield>
    <datafield ind1=" " ind2=" " tag="040">
      <subfield code="a">1200</subfield>
      <subfield code="b">ger</subfield>
      <subfield code="c">DE-101</subfield>
      <subfield code="d">9999</subfield>
    </datafield>
    <datafield ind1=" " ind2=" " tag="041">
      <subfield code="a">ger</subfield>
    </datafield>
    <datafield ind1=" " ind2=" " tag="044">
      <subfield code="c">XA-DE</subfield>
    </datafield>
    <datafield ind1="1" ind2=" " tag="100">
      <subfield code="0">(DE-588)117013846</subfield>
      <subfield code="0">(DE-101)117013846</subfield>
      <subfield code="a">Houben, Heinrich Hubert</subfield>
      <subfield code="d">1875-1935</subfield>
      <subfield code="4">aut</subfield>
    </datafield>
    <datafield ind1="1" ind2="0" tag="245">
      <subfield code="a">Ben Hur</subfield>
      <subfield code="b">Schauspiel in 6 Akten aus der Zeit Christi</subfield>
      <subfield code="c">Heinrich Houben</subfield>
    </datafield>
    <datafield ind1="3" ind2=" " tag="260">
      <subfield code="a">Breyell/Rhld.</subfield>
      <subfield code="b">Bosch</subfield>
      <subfield code="c">1950, [1950]</subfield>
    </datafield>
    <datafield ind1=" " ind2=" " tag="300">
      <subfield code="a">67 S.</subfield>
      <subfield code="c">kl. 8</subfield>
    </datafield>
  </record>