
  <record>
    <leader>00931nam a2200229 c 4500</leader>
    <controlfield tag="001">452645506</controlfield>
    <controlfield tag="003">DE-101</controlfield>
    <controlfield tag="005">20091221123649.0</controlfield>
    <controlfield tag="007">tu</controlfield>
    <controlfield tag="008">950202s1964    gw |||||r|||| 00||||ger  </controlfield>
    <datafield ind1="7" ind2=" " tag="016">
      <subfield code="2">DE-101</subfield>
      <subfield code="a">452645506</subfield>
    </datafield>
    <datafield ind1=" " ind2=" " tag="020">
      <subfield code="c">kart. : S. 22.-</subfield>
    </datafield>
    <datafield ind1=" " ind2=" " tag="035">
      <subfield code="a">(DE-599)DNB452645506</subfield>
    </datafield>
    <datafield ind1=" " ind2=" " tag="035">
      <subfield code="a">(OCoLC)73517503</subfield>
    </datafield>
    <datafield ind1=" " ind2=" " tag="040">
      <subfield code="a">1200</subfield>
      <subfield code="b">ger</subfield>
      <subfield code="c">DE-101</subfield>
      <subfield code="d">1250</subfield>
    </datafield>
    <datafield ind1=" " ind2=" " tag="041">
      <subfield code="a">ger</subfield>
    </datafield>
    <datafield ind1=" " ind2=" " tag="044">
      <subfield code="c">XA-DE</subfield>
    </datafield>
    <datafield ind1="7" ind2="4" tag="082">
      <subfield code="a">700</subfield>
      <subfield code="a">230</subfield>
      <subfield code="q">DE-101</subfield>
      <subfield code="2">22sdnb</subfield>
    </datafield>
    <datafield ind1=" " ind2=" " tag="084">
      <subfield code="a">700</subfield>
      <subfield code="a">230</subfield>
      <subfield code="q">DE-101</subfield>
      <subfield code="2">sdnb</subfield>
    </datafield>
    <datafield ind1="1" ind2="0" tag="245">
      <subfield code="a">Christliche Kunst aus Äthiopien und Nubien</subfield>
      <subfield code="b">Ausstellung im Museum f. Völkerkunde, Wien, 11. März bis 3. Mai 1964. Im Zusammenhang mit d. Ausstellung Frühchristliche u. koptische Kunst, Akademie d. Bildenden Künste, Wien. [Ausstellungskatalog]</subfield>
      <subfield code="c">Veranstaltet vom Bundesministerium f. Unterricht, Wien. [Photos: Carl u. Hannelore Milch u.a.]</subfield>
    </datafield>
    <datafield ind1="3" ind2=" " tag="260">
      <subfield code="a">Wien [Neue Hofburg]</subfield>
      <subfield code="b">Museum f. Völkerkunde</subfield>
      <subfield code="c">1964</subfield>
    </datafield>
    <datafield ind1=" " ind2=" " tag="300">
      <subfield code="a">67 S.</subfield>
      <subfield code="b">14 Bl. Abb.</subfield>
      <subfield code="c">8</subfield>
    </datafield>
  </record>