
  <record>
    <leader>01003nam a2200241 c 4500</leader>
    <controlfield tag="001">452645700</controlfield>
    <controlfield tag="003">DE-101</controlfield>
    <controlfield tag="005">20100203010116.0</controlfield>
    <controlfield tag="007">tu</controlfield>
    <controlfield tag="008">950202s1964    gw |||||r|||| 00||||ger  </controlfield>
    <datafield ind1="7" ind2=" " tag="016">
      <subfield code="2">DE-101</subfield>
      <subfield code="a">452645700</subfield>
    </datafield>
    <datafield ind1=" " ind2=" " tag="020">
      <subfield code="c">kart. lamin. : S. 50.-</subfield>
    </datafield>
    <datafield ind1=" " ind2=" " tag="035">
      <subfield code="a">(DE-599)DNB452645700</subfield>
    </datafield>
    <datafield ind1=" " ind2=" " tag="035">
      <subfield code="a">(OCoLC)73517522</subfield>
    </datafield>
    <datafield ind1=" " ind2=" " tag="040">
      <subfield code="a">1200</subfield>
      <subfield code="b">ger</subfield>
      <subfield code="c">DE-101</subfield>
      <subfield code="d">9999</subfield>
    </datafield>
    <datafield ind1=" " ind2=" " tag="041">
      <subfield code="a">ger</subfield>
    </datafield>
    <datafield ind1=" " ind2=" " tag="044">
      <subfield code="c">XA-DE</subfield>
    </datafield>
    <datafield ind1="7" ind2="4" tag="082">
      <subfield code="a">700</subfield>
      <subfield code="a">230</subfield>
      <subfield code="q">DE-101</subfield>
      <subfield code="2">22sdnb</subfield>
    </datafield>
    <datafield ind1=" " ind2=" " tag="084">
      <subfield code="a">700</subfield>
      <subfield code="a">230</subfield>
      <subfield code="q">DE-101</subfield>
      <subfield code="2">sdnb</subfield>
    </datafield>
    <datafield ind1="1" ind2="0" tag="245">
      <subfield code="a">Frühchristliche und koptische Kunst</subfield>
      <subfield code="b">Ausstellung in d. Akademie d. Bildenden Künste, Wien, 11. März bis 3. Mai 1964. Im Zusammenhang mit d. Ausstellung Christliche Kunst aus Äthiopien u. Nubien, Museum f. Völkerkunde, Wien. [Ausstellungskatalog]</subfield>
      <subfield code="c">[Bearb. von Gerhart Egger. Photos: Carl u. Hannelore Milch u.a.]</subfield>
    </datafield>
    <datafield ind1="3" ind2=" " tag="260">
      <subfield code="a">Wien [Neue Hofburg]</subfield>
      <subfield code="b">Museum f. Völkerkunde</subfield>
      <subfield code="c">1964</subfield>
    </datafield>
    <datafield ind1=" " ind2=" " tag="300">
      <subfield code="a">XXIX, 256 S.</subfield>
      <subfield code="b">64 Bl. Abb.</subfield>
      <subfield code="c">8</subfield>
    </datafield>
    <datafield ind1="1" ind2=" " tag="700">
      <subfield code="0">(DE-588)135963435</subfield>
      <subfield code="0">(DE-101)135963435</subfield>
      <subfield code="a">Egger, Gerhart</subfield>
      <subfield code="d">1916-1990</subfield>
      <subfield code="4">cre</subfield>
    </datafield>
  </record>