
  <record>
    <leader>00809nam a2200265 c 4500</leader>
    <controlfield tag="001">452786894</controlfield>
    <controlfield tag="003">DE-101</controlfield>
    <controlfield tag="005">20071222232139.0</controlfield>
    <controlfield tag="007">tu</controlfield>
    <controlfield tag="008">950202s1959    gw |||||r|||| 00||||ger  </controlfield>
    <datafield ind1="7" ind2=" " tag="016">
      <subfield code="2">DE-101</subfield>
      <subfield code="a">452786894</subfield>
    </datafield>
    <datafield ind1=" " ind2=" " tag="020">
      <subfield code="c">geh. : 1.20</subfield>
    </datafield>
    <datafield ind1=" " ind2=" " tag="035">
      <subfield code="a">(DE-599)DNB452786894</subfield>
    </datafield>
    <datafield ind1=" " ind2=" " tag="035">
      <subfield code="a">(OCoLC)73531457</subfield>
    </datafield>
    <datafield ind1=" " ind2=" " tag="040">
      <subfield code="a">1200</subfield>
      <subfield code="b">ger</subfield>
      <subfield code="c">DE-101</subfield>
      <subfield code="d">9999</subfield>
    </datafield>
    <datafield ind1=" " ind2=" " tag="041">
      <subfield code="a">ger</subfield>
    </datafield>
    <datafield ind1=" " ind2=" " tag="044">
      <subfield code="c">XA-DE</subfield>
    </datafield>
    <datafield ind1="7" ind2="4" tag="082">
      <subfield code="q">DE-101</subfield>
      <subfield code="2">22sdnb</subfield>
    </datafield>
    <datafield ind1=" " ind2=" " tag="084">
      <subfield code="a">11a</subfield>
      <subfield code="a">S</subfield>
      <subfield code="q">DE-101</subfield>
      <subfield code="2">sdnb</subfield>
    </datafield>
    <datafield ind1="1" ind2=" " tag="100">
      <subfield code="0">(DE-588)106335634</subfield>
      <subfield code="0">(DE-101)106335634</subfield>
      <subfield code="a">Leighton, Jane</subfield>
      <subfield code="4">aut</subfield>
    </datafield>
    <datafield ind1="1" ind2="0" tag="245">
      <subfield code="a">The Story of Beowulf</subfield>
      <subfield code="b">Retold and annotated</subfield>
      <subfield code="c">Jane Leighton. Ill. by Gerhard Steffen</subfield>
    </datafield>
    <datafield ind1="3" ind2=" " tag="260">
      <subfield code="a">Frankfurt a.M.</subfield>
      <subfield code="a">Berlin</subfield>
      <subfield code="a">Bonn</subfield>
      <subfield code="b">Diesterweg</subfield>
      <subfield code="c">1959</subfield>
    </datafield>
    <datafield ind1=" " ind2=" " tag="300">
      <subfield code="a">30 S.</subfield>
      <subfield code="c">8</subfield>
    </datafield>
    <datafield ind1="1" ind2=" " tag="490">
      <subfield code="a">Lebensvolle Lektüre</subfield>
      <subfield code="v">[H. 18]</subfield>
    </datafield>
    <datafield ind1=" " ind2="0" tag="830">
      <subfield code="a">Lebensvolle Lektüre</subfield>
      <subfield code="v">[H. 18]</subfield>
      <subfield code="9">218</subfield>
    </datafield>
  </record>