
  <record>
    <leader>00916nam a2200277 c 4500</leader>
    <controlfield tag="001">453250033</controlfield>
    <controlfield tag="003">DE-101</controlfield>
    <controlfield tag="005">20071222235407.0</controlfield>
    <controlfield tag="007">tu</controlfield>
    <controlfield tag="008">950202s1956    gw |||||r|||| 00||||ger  </controlfield>
    <datafield ind1="7" ind2=" " tag="016">
      <subfield code="2">DE-101</subfield>
      <subfield code="a">453250033</subfield>
    </datafield>
    <datafield ind1=" " ind2=" " tag="020">
      <subfield code="c">kart. : 10.-</subfield>
    </datafield>
    <datafield ind1=" " ind2=" " tag="035">
      <subfield code="a">(DE-599)DNB453250033</subfield>
    </datafield>
    <datafield ind1=" " ind2=" " tag="035">
      <subfield code="a">(OCoLC)603729116</subfield>
    </datafield>
    <datafield ind1=" " ind2=" " tag="040">
      <subfield code="a">1200</subfield>
      <subfield code="b">ger</subfield>
      <subfield code="c">DE-101</subfield>
      <subfield code="d">9999</subfield>
    </datafield>
    <datafield ind1=" " ind2=" " tag="041">
      <subfield code="a">ger</subfield>
    </datafield>
    <datafield ind1=" " ind2=" " tag="044">
      <subfield code="c">XA-DE</subfield>
    </datafield>
    <datafield ind1="7" ind2="4" tag="082">
      <subfield code="q">DE-101</subfield>
      <subfield code="2">22sdnb</subfield>
    </datafield>
    <datafield ind1=" " ind2=" " tag="084">
      <subfield code="a">03b</subfield>
      <subfield code="a">130</subfield>
      <subfield code="a">150</subfield>
      <subfield code="q">DE-101</subfield>
      <subfield code="2">sdnb</subfield>
    </datafield>
    <datafield ind1="1" ind2=" " tag="100">
      <subfield code="0">(DE-588)104638524</subfield>
      <subfield code="0">(DE-101)104638524</subfield>
      <subfield code="a">Mathey, Franz Josef</subfield>
      <subfield code="4">aut</subfield>
    </datafield>
    <datafield ind1="1" ind2="0" tag="245">
      <subfield code="a">Verhalten, Leistung und Persönlichkeit</subfield>
      <subfield code="b">Experimentelle Verhaltensstudien</subfield>
      <subfield code="c">F. J. Mathey</subfield>
    </datafield>
    <datafield ind1="3" ind2=" " tag="260">
      <subfield code="a">Bonn</subfield>
      <subfield code="b">Bouvier</subfield>
      <subfield code="c">1956</subfield>
    </datafield>
    <datafield ind1=" " ind2=" " tag="300">
      <subfield code="a">94 S.</subfield>
      <subfield code="c">gr. 8</subfield>
    </datafield>
    <datafield ind1="1" ind2=" " tag="490">
      <subfield code="a">Abhandlungen zur Philosophie, Psychologie und Pädagogik</subfield>
      <subfield code="v">Bd. 8</subfield>
    </datafield>
    <datafield ind1=" " ind2=" " tag="502">
      <subfield code="a">Zugleich Phil. Diss., Erlangen</subfield>
    </datafield>
    <datafield ind1=" " ind2="0" tag="830">
      <subfield code="a">Abhandlungen zur Philosophie, Psychologie und Pädagogik</subfield>
      <subfield code="v">Bd. 8</subfield>
      <subfield code="9">18</subfield>
    </datafield>
  </record>