
  <record>
    <leader>00780nam a2200241 c 4500</leader>
    <controlfield tag="001">453558488</controlfield>
    <controlfield tag="003">DE-101</controlfield>
    <controlfield tag="005">20060603080226.0</controlfield>
    <controlfield tag="007">tu</controlfield>
    <controlfield tag="008">950206s1947    gw |||||r|||| 00||||ger  </controlfield>
    <datafield ind1="7" ind2=" " tag="016">
      <subfield code="2">DE-101</subfield>
      <subfield code="a">453558488</subfield>
    </datafield>
    <datafield ind1=" " ind2=" " tag="020">
      <subfield code="c">geh. : 1.20</subfield>
    </datafield>
    <datafield ind1=" " ind2=" " tag="035">
      <subfield code="a">(DE-599)DNB453558488</subfield>
    </datafield>
    <datafield ind1=" " ind2=" " tag="035">
      <subfield code="a">(OCoLC)603263278</subfield>
    </datafield>
    <datafield ind1=" " ind2=" " tag="040">
      <subfield code="a">1200</subfield>
      <subfield code="b">ger</subfield>
      <subfield code="c">DE-101</subfield>
      <subfield code="d">9999</subfield>
    </datafield>
    <datafield ind1=" " ind2=" " tag="041">
      <subfield code="a">ger</subfield>
    </datafield>
    <datafield ind1=" " ind2=" " tag="044">
      <subfield code="c">XA-DE</subfield>
    </datafield>
    <datafield ind1="1" ind2=" " tag="100">
      <subfield code="0">(DE-588)106378317</subfield>
      <subfield code="0">(DE-101)106378317</subfield>
      <subfield code="a">Neubauer, Vinzenz Emanuel</subfield>
      <subfield code="4">aut</subfield>
    </datafield>
    <datafield ind1="1" ind2="0" tag="245">
      <subfield code="a">Der Weg zur Persönlichkeit in der Psychologie und in der Psychiatrie</subfield>
      <subfield code="c">Vinzenz Neubauer</subfield>
    </datafield>
    <datafield ind1="3" ind2=" " tag="260">
      <subfield code="a">Innsbruck</subfield>
      <subfield code="a">Wien</subfield>
      <subfield code="b">Tyrolia-Verl.</subfield>
      <subfield code="c">1947</subfield>
    </datafield>
    <datafield ind1=" " ind2=" " tag="300">
      <subfield code="a">26 S.</subfield>
      <subfield code="c">8</subfield>
    </datafield>
    <datafield ind1="1" ind2=" " tag="490">
      <subfield code="a">Sammlung Medizin, Philosophie, Theologie</subfield>
      <subfield code="v">H. 6</subfield>
    </datafield>
    <datafield ind1=" " ind2="0" tag="830">
      <subfield code="a">Sammlung Medizin, Philosophie, Theologie</subfield>
      <subfield code="v">H. 6</subfield>
      <subfield code="9">16</subfield>
    </datafield>
  </record>