
  <record>
    <leader>01133nam a2200301 c 4500</leader>
    <controlfield tag="001">453617409</controlfield>
    <controlfield tag="003">DE-101</controlfield>
    <controlfield tag="005">20071223003600.0</controlfield>
    <controlfield tag="007">tu</controlfield>
    <controlfield tag="008">950206s1956    gw |||||r|||| 00||||ger  </controlfield>
    <datafield ind1="7" ind2=" " tag="016">
      <subfield code="2">DE-101</subfield>
      <subfield code="a">453617409</subfield>
    </datafield>
    <datafield ind1=" " ind2=" " tag="020">
      <subfield code="c">kart. : 22.-, sfr. 22.90, Lw. : 25.50, sfr. 26.50</subfield>
    </datafield>
    <datafield ind1=" " ind2=" " tag="035">
      <subfield code="a">(DE-599)DNB453617409</subfield>
    </datafield>
    <datafield ind1=" " ind2=" " tag="035">
      <subfield code="a">(OCoLC)602634341</subfield>
    </datafield>
    <datafield ind1=" " ind2=" " tag="040">
      <subfield code="a">1200</subfield>
      <subfield code="b">ger</subfield>
      <subfield code="c">DE-101</subfield>
      <subfield code="d">9999</subfield>
    </datafield>
    <datafield ind1=" " ind2=" " tag="041">
      <subfield code="a">ger</subfield>
    </datafield>
    <datafield ind1=" " ind2=" " tag="044">
      <subfield code="c">XA-DE</subfield>
    </datafield>
    <datafield ind1="7" ind2="4" tag="082">
      <subfield code="q">DE-101</subfield>
      <subfield code="2">22sdnb</subfield>
    </datafield>
    <datafield ind1=" " ind2=" " tag="084">
      <subfield code="a">03b</subfield>
      <subfield code="a">10a</subfield>
      <subfield code="a">130</subfield>
      <subfield code="a">150</subfield>
      <subfield code="q">DE-101</subfield>
      <subfield code="2">sdnb</subfield>
    </datafield>
    <datafield ind1="1" ind2=" " tag="100">
      <subfield code="0">(DE-588)106855786</subfield>
      <subfield code="0">(DE-101)106855786</subfield>
      <subfield code="a">Nuttin, Josef</subfield>
      <subfield code="4">aut</subfield>
    </datafield>
    <datafield ind1="1" ind2="0" tag="245">
      <subfield code="a">Psychoanalyse und Persönlichkeit</subfield>
      <subfield code="c">Josef Nuttin. Dt. Übertr. von Alois Guggenberger</subfield>
    </datafield>
    <datafield ind1="3" ind2=" " tag="260">
      <subfield code="a">Freiburg Schweiz</subfield>
      <subfield code="b">Universitätsverl.</subfield>
      <subfield code="c">1956</subfield>
    </datafield>
    <datafield ind1=" " ind2=" " tag="300">
      <subfield code="a">338 S.</subfield>
      <subfield code="c">gr. 8</subfield>
    </datafield>
    <datafield ind1="1" ind2=" " tag="490">
      <subfield code="a">Arbeiten zur Psychologie, Pädagogik und Heilpädagogik</subfield>
      <subfield code="v">Bd. 10</subfield>
    </datafield>
    <datafield ind1=" " ind2=" " tag="500">
      <subfield code="a">Mit Literaturverz. (S. 310 - 328)</subfield>
    </datafield>
    <datafield ind1="1" ind2=" " tag="700">
      <subfield code="0">(DE-588)10168150X</subfield>
      <subfield code="0">(DE-101)10168150X</subfield>
      <subfield code="a">Guggenberger, Alois</subfield>
      <subfield code="4">cre</subfield>
    </datafield>
    <datafield ind1="0" ind2=" " tag="730">
      <subfield code="a">Psychanalyse et conception spiritualiste de l'homme</subfield>
      <subfield code="g">dt.</subfield>
    </datafield>
    <datafield ind1=" " ind2="0" tag="830">
      <subfield code="a">Arbeiten zur Psychologie, Pädagogik und Heilpädagogik</subfield>
      <subfield code="v">Bd. 10</subfield>
      <subfield code="9">210</subfield>
    </datafield>
  </record>