
  <record>
    <leader>01092nam a2200265 c 4500</leader>
    <controlfield tag="001">453787363</controlfield>
    <controlfield tag="003">DE-101</controlfield>
    <controlfield tag="005">20071223005709.0</controlfield>
    <controlfield tag="007">tu</controlfield>
    <controlfield tag="008">950207s1958    gw |||||r|||| 00||||ger  </controlfield>
    <datafield ind1="7" ind2=" " tag="016">
      <subfield code="2">DE-101</subfield>
      <subfield code="a">453787363</subfield>
    </datafield>
    <datafield ind1=" " ind2=" " tag="020">
      <subfield code="c">geh. : 2.80</subfield>
    </datafield>
    <datafield ind1=" " ind2=" " tag="035">
      <subfield code="a">(DE-599)DNB453787363</subfield>
    </datafield>
    <datafield ind1=" " ind2=" " tag="035">
      <subfield code="a">(OCoLC)73634809</subfield>
    </datafield>
    <datafield ind1=" " ind2=" " tag="040">
      <subfield code="a">1200</subfield>
      <subfield code="b">ger</subfield>
      <subfield code="c">DE-101</subfield>
      <subfield code="d">9999</subfield>
    </datafield>
    <datafield ind1=" " ind2=" " tag="041">
      <subfield code="a">ger</subfield>
    </datafield>
    <datafield ind1=" " ind2=" " tag="044">
      <subfield code="c">XA-DE</subfield>
    </datafield>
    <datafield ind1="7" ind2="4" tag="082">
      <subfield code="q">DE-101</subfield>
      <subfield code="2">22sdnb</subfield>
    </datafield>
    <datafield ind1=" " ind2=" " tag="084">
      <subfield code="a">03b</subfield>
      <subfield code="a">130</subfield>
      <subfield code="a">150</subfield>
      <subfield code="q">DE-101</subfield>
      <subfield code="2">sdnb</subfield>
    </datafield>
    <datafield ind1="0" ind2=" " tag="100">
      <subfield code="0">(DE-588)118594753</subfield>
      <subfield code="0">(DE-101)118594753</subfield>
      <subfield code="a">Pius</subfield>
      <subfield code="b">XII.</subfield>
      <subfield code="c">Papst</subfield>
      <subfield code="d">1876-1958</subfield>
      <subfield code="4">aut</subfield>
    </datafield>
    <datafield ind1="1" ind2="0" tag="245">
      <subfield code="a">Menschliche Persönlichkeit und Psychologie</subfield>
      <subfield code="b">(Ansprache an d. Teilnehmer d. 13. Kongresses d. Internat. Gesellschaft f. Angewandte Psychologie am 10. April 1958 in Rom)</subfield>
      <subfield code="c">Pius XII. Der franz. Text wurde ins Dt. übertr. von Bernhard Pietrowicz</subfield>
    </datafield>
    <datafield ind1="3" ind2=" " tag="260">
      <subfield code="a">Göttingen</subfield>
      <subfield code="b">Verl. f. Psychologie Hogrefe</subfield>
      <subfield code="c">1958</subfield>
    </datafield>
    <datafield ind1=" " ind2=" " tag="300">
      <subfield code="a">16 S.</subfield>
      <subfield code="c">gr. 8</subfield>
    </datafield>
    <datafield ind1="1" ind2=" " tag="700">
      <subfield code="0">(DE-588)104973811</subfield>
      <subfield code="0">(DE-101)104973811</subfield>
      <subfield code="a">Pietrowicz, Bernhard</subfield>
      <subfield code="4">cre</subfield>
    </datafield>
    <datafield ind1="0" ind2=" " tag="730">
      <subfield code="a">Discours aux membres du 13. Congrès de l'Association internationale de Psychologie appliquée</subfield>
      <subfield code="g">dt.</subfield>
    </datafield>
  </record>