
  <record>
    <leader>00938nam a2200277 c 4500</leader>
    <controlfield tag="001">454800363</controlfield>
    <controlfield tag="003">DE-101</controlfield>
    <controlfield tag="005">20071223031339.0</controlfield>
    <controlfield tag="007">tu</controlfield>
    <controlfield tag="008">940630s1965    gw |||||r|||| 00||||ger  </controlfield>
    <datafield ind1="7" ind2=" " tag="016">
      <subfield code="2">DE-101</subfield>
      <subfield code="a">454800363</subfield>
    </datafield>
    <datafield ind1=" " ind2=" " tag="020">
      <subfield code="c">kart. : 4.80</subfield>
    </datafield>
    <datafield ind1=" " ind2=" " tag="035">
      <subfield code="a">(DE-599)DNB454800363</subfield>
    </datafield>
    <datafield ind1=" " ind2=" " tag="035">
      <subfield code="a">(OCoLC)73707410</subfield>
    </datafield>
    <datafield ind1=" " ind2=" " tag="040">
      <subfield code="a">1200</subfield>
      <subfield code="b">ger</subfield>
      <subfield code="c">DE-101</subfield>
      <subfield code="d">9999</subfield>
    </datafield>
    <datafield ind1=" " ind2=" " tag="041">
      <subfield code="a">ger</subfield>
    </datafield>
    <datafield ind1=" " ind2=" " tag="044">
      <subfield code="c">XA-DE</subfield>
    </datafield>
    <datafield ind1="7" ind2="4" tag="082">
      <subfield code="q">DE-101</subfield>
      <subfield code="2">22sdnb</subfield>
    </datafield>
    <datafield ind1=" " ind2=" " tag="084">
      <subfield code="a">03b</subfield>
      <subfield code="a">10a</subfield>
      <subfield code="a">130</subfield>
      <subfield code="a">150</subfield>
      <subfield code="q">DE-101</subfield>
      <subfield code="2">sdnb</subfield>
    </datafield>
    <datafield ind1="1" ind2=" " tag="100">
      <subfield code="0">(DE-588)118616390</subfield>
      <subfield code="0">(DE-101)118616390</subfield>
      <subfield code="a">Spranger, Eduard</subfield>
      <subfield code="d">1882-1963</subfield>
      <subfield code="4">aut</subfield>
    </datafield>
    <datafield ind1="1" ind2="0" tag="245">
      <subfield code="a">Lebensformen</subfield>
      <subfield code="b">Geisteswissenschaftl. Psychologie u. Ethik d. Persönlichkeit</subfield>
      <subfield code="c">Eduard Spranger. Mit e. Einl. von Hans Wenke</subfield>
    </datafield>
    <datafield ind1="3" ind2=" " tag="260">
      <subfield code="a">München</subfield>
      <subfield code="a">Hamburg</subfield>
      <subfield code="b">Siebenstern Taschenbuch Verl.</subfield>
      <subfield code="c">1965</subfield>
    </datafield>
    <datafield ind1=" " ind2=" " tag="300">
      <subfield code="a">IX, 403 S.</subfield>
      <subfield code="c">8</subfield>
    </datafield>
    <datafield ind1="1" ind2=" " tag="490">
      <subfield code="a">Siebenstern-Taschenbuch</subfield>
      <subfield code="v">35/36</subfield>
    </datafield>
    <datafield ind1=" " ind2=" " tag="500">
      <subfield code="a">Lizenz d. Niemeyer Verl., Tübingen</subfield>
    </datafield>
    <datafield ind1=" " ind2="0" tag="830">
      <subfield code="a">Siebenstern-Taschenbuch</subfield>
      <subfield code="v">35/36</subfield>
      <subfield code="9">236</subfield>
    </datafield>
  </record>