
  <record>
    <leader>00897nam a2200277 c 4500</leader>
    <controlfield tag="001">454857187</controlfield>
    <controlfield tag="003">DE-101</controlfield>
    <controlfield tag="005">20071223032103.0</controlfield>
    <controlfield tag="007">tu</controlfield>
    <controlfield tag="008">940630s1947    gw |||||r|||| 00||||ger  </controlfield>
    <datafield ind1="7" ind2=" " tag="016">
      <subfield code="2">DE-101</subfield>
      <subfield code="a">454857187</subfield>
    </datafield>
    <datafield ind1=" " ind2=" " tag="020">
      <subfield code="c">Brosch. : 12.-</subfield>
    </datafield>
    <datafield ind1=" " ind2=" " tag="035">
      <subfield code="a">(DE-599)DNB454857187</subfield>
    </datafield>
    <datafield ind1=" " ind2=" " tag="035">
      <subfield code="a">(OCoLC)73717295</subfield>
    </datafield>
    <datafield ind1=" " ind2=" " tag="040">
      <subfield code="a">1200</subfield>
      <subfield code="b">ger</subfield>
      <subfield code="c">DE-101</subfield>
      <subfield code="d">9999</subfield>
    </datafield>
    <datafield ind1=" " ind2=" " tag="041">
      <subfield code="a">ger</subfield>
    </datafield>
    <datafield ind1=" " ind2=" " tag="044">
      <subfield code="c">XA-DE</subfield>
    </datafield>
    <datafield ind1="7" ind2="4" tag="082">
      <subfield code="q">DE-101</subfield>
      <subfield code="2">22sdnb</subfield>
    </datafield>
    <datafield ind1=" " ind2=" " tag="084">
      <subfield code="a">03a</subfield>
      <subfield code="a">100</subfield>
      <subfield code="q">DE-101</subfield>
      <subfield code="2">sdnb</subfield>
    </datafield>
    <datafield ind1="1" ind2=" " tag="100">
      <subfield code="0">(DE-588)107524422</subfield>
      <subfield code="0">(DE-101)107524422</subfield>
      <subfield code="a">Steindamm, Hugo</subfield>
      <subfield code="4">aut</subfield>
    </datafield>
    <datafield ind1="1" ind2="0" tag="245">
      <subfield code="a">Hand und Persönlichkeit</subfield>
      <subfield code="b">Eine Einf. in d. Psychologie auf Grund d. Hand</subfield>
      <subfield code="c">Hugo Steindamm ; Elsbeth Ackermann</subfield>
    </datafield>
    <datafield ind1=" " ind2=" " tag="250">
      <subfield code="a">2., verb. Aufl.</subfield>
    </datafield>
    <datafield ind1=" " ind2=" " tag="259">
      <subfield code="a">12</subfield>
    </datafield>
    <datafield ind1="3" ind2=" " tag="260">
      <subfield code="a">Berlin</subfield>
      <subfield code="b">Marcus &amp; Weber</subfield>
      <subfield code="c">1947</subfield>
    </datafield>
    <datafield ind1=" " ind2=" " tag="300">
      <subfield code="a">96 S., 16 Taf. m. Abb.</subfield>
      <subfield code="b">Mit 13 Abb. u. 65 Handbeisp.</subfield>
      <subfield code="c">8</subfield>
    </datafield>
    <datafield ind1="1" ind2=" " tag="700">
      <subfield code="0">(DE-588)107524430</subfield>
      <subfield code="0">(DE-101)107524430</subfield>
      <subfield code="a">Ackermann, Elsbeth</subfield>
      <subfield code="4">aut</subfield>
    </datafield>
  </record>