
  <record>
    <leader>01538nam a2200433 c 4500</leader>
    <controlfield tag="001">455356785</controlfield>
    <controlfield tag="003">DE-101</controlfield>
    <controlfield tag="005">20101130090258.0</controlfield>
    <controlfield tag="007">tu</controlfield>
    <controlfield tag="008">940816s1960    gw |||||r|||| 00||||ger  </controlfield>
    <datafield ind1="7" ind2=" " tag="016">
      <subfield code="2">DE-101</subfield>
      <subfield code="a">455356785</subfield>
    </datafield>
    <datafield ind1=" " ind2=" " tag="020">
      <subfield code="c">kart. mit Lw.-Rücken : 1.90</subfield>
    </datafield>
    <datafield ind1=" " ind2=" " tag="035">
      <subfield code="a">(DE-599)DNB455356785</subfield>
    </datafield>
    <datafield ind1=" " ind2=" " tag="035">
      <subfield code="a">(OCoLC)73541560</subfield>
    </datafield>
    <datafield ind1=" " ind2=" " tag="040">
      <subfield code="a">1200</subfield>
      <subfield code="b">ger</subfield>
      <subfield code="c">DE-101</subfield>
      <subfield code="d">1250</subfield>
    </datafield>
    <datafield ind1=" " ind2=" " tag="041">
      <subfield code="a">ger</subfield>
    </datafield>
    <datafield ind1=" " ind2=" " tag="043">
      <subfield code="c">XT</subfield>
      <subfield code="c">XY</subfield>
    </datafield>
    <datafield ind1=" " ind2=" " tag="044">
      <subfield code="c">XA-DE</subfield>
    </datafield>
    <datafield ind1="7" ind2="4" tag="082">
      <subfield code="a">810</subfield>
      <subfield code="a">B</subfield>
      <subfield code="q">DE-101</subfield>
      <subfield code="2">22sdnb</subfield>
    </datafield>
    <datafield ind1=" " ind2=" " tag="084">
      <subfield code="a">810</subfield>
      <subfield code="a">B</subfield>
      <subfield code="q">DE-101</subfield>
      <subfield code="2">sdnb</subfield>
    </datafield>
    <datafield ind1=" " ind2=" " tag="084">
      <subfield code="a">16.5</subfield>
      <subfield code="q">DE-101</subfield>
      <subfield code="2">sswd</subfield>
    </datafield>
    <datafield ind1="1" ind2=" " tag="100">
      <subfield code="0">(DE-588)11926708X</subfield>
      <subfield code="0">(DE-101)11926708X</subfield>
      <subfield code="a">Wallace, Lew</subfield>
      <subfield code="d">1827-1905</subfield>
      <subfield code="4">aut</subfield>
    </datafield>
    <datafield ind1="1" ind2="0" tag="245">
      <subfield code="a">Ben Hur</subfield>
      <subfield code="b">Roman</subfield>
      <subfield code="c">Lewis Wallace. [Aus d. Amerikan. ins Dt. übertr. von Alfred Moeller]</subfield>
    </datafield>
    <datafield ind1="3" ind2=" " tag="260">
      <subfield code="a">München</subfield>
      <subfield code="b">Goldmann</subfield>
      <subfield code="c">1960</subfield>
    </datafield>
    <datafield ind1=" " ind2=" " tag="300">
      <subfield code="a">234 S.</subfield>
      <subfield code="c">kl. 8</subfield>
    </datafield>
    <datafield ind1="1" ind2=" " tag="490">
      <subfield code="a">Goldmanns gelbe Taschenbücher</subfield>
      <subfield code="v">Bd. 645</subfield>
    </datafield>
    <datafield ind1=" " ind2=" " tag="500">
      <subfield code="a">Lizenz d. Amandus-Verl., Wien</subfield>
    </datafield>
    <datafield ind1=" " ind2="7" tag="648">
      <subfield code="a">Geschichte 20-60</subfield>
      <subfield code="2">gnd</subfield>
    </datafield>
    <datafield ind1=" " ind2="7" tag="650">
      <subfield code="0">(DE-588)4028808-0</subfield>
      <subfield code="0">(DE-101)040288080</subfield>
      <subfield code="a">Juden</subfield>
      <subfield code="2">gnd</subfield>
    </datafield>
    <datafield ind1=" " ind2="7" tag="651">
      <subfield code="0">(DE-588)4076778-4</subfield>
      <subfield code="0">(DE-101)040767787</subfield>
      <subfield code="a">Römisches Reich</subfield>
      <subfield code="2">gnd</subfield>
    </datafield>
    <datafield ind1=" " ind2="7" tag="655">
      <subfield code="a">Belletristische Darstellung</subfield>
      <subfield code="2">gnd</subfield>
    </datafield>
    <datafield ind1="0" ind2="0" tag="689">
      <subfield code="0">(DE-588)4028808-0</subfield>
      <subfield code="0">(DE-101)040288080</subfield>
      <subfield code="D">s</subfield>
      <subfield code="a">Juden</subfield>
    </datafield>
    <datafield ind1="0" ind2="1" tag="689">
      <subfield code="0">(DE-588)4076778-4</subfield>
      <subfield code="0">(DE-101)040767787</subfield>
      <subfield code="D">g</subfield>
      <subfield code="a">Römisches Reich</subfield>
    </datafield>
    <datafield ind1="0" ind2="2" tag="689">
      <subfield code="A">z</subfield>
      <subfield code="a">Geschichte 20-60</subfield>
    </datafield>
    <datafield ind1="0" ind2="3" tag="689">
      <subfield code="A">f</subfield>
      <subfield code="a">Belletristische Darstellung</subfield>
    </datafield>
    <datafield ind1="0" ind2=" " tag="689">
      <subfield code="5">DE-101</subfield>
      <subfield code="5">DE-101</subfield>
    </datafield>
    <datafield ind1="1" ind2=" " tag="700">
      <subfield code="0">(DE-588)107664712</subfield>
      <subfield code="0">(DE-101)107664712</subfield>
      <subfield code="a">Moeller, Alfred</subfield>
      <subfield code="4">cre</subfield>
    </datafield>
    <datafield ind1="0" ind2=" " tag="730">
      <subfield code="a">Ben Hur</subfield>
      <subfield code="g">dt.</subfield>
    </datafield>
    <datafield ind1=" " ind2="0" tag="830">
      <subfield code="a">Goldmanns gelbe Taschenbücher</subfield>
      <subfield code="v">Bd. 645</subfield>
      <subfield code="9">3645</subfield>
    </datafield>
  </record>