
  <record>
    <leader>00825nam a2200253 c 4500</leader>
    <controlfield tag="001">455482918</controlfield>
    <controlfield tag="003">DE-101</controlfield>
    <controlfield tag="005">20071223043857.0</controlfield>
    <controlfield tag="007">tu</controlfield>
    <controlfield tag="008">940816s1963    gw |||||r|||| 00||||ger  </controlfield>
    <datafield ind1="7" ind2=" " tag="016">
      <subfield code="2">DE-101</subfield>
      <subfield code="a">455482918</subfield>
    </datafield>
    <datafield ind1=" " ind2=" " tag="020">
      <subfield code="c">Lw. : 68.-</subfield>
    </datafield>
    <datafield ind1=" " ind2=" " tag="035">
      <subfield code="a">(DE-599)DNB455482918</subfield>
    </datafield>
    <datafield ind1=" " ind2=" " tag="035">
      <subfield code="a">(OCoLC)611322436</subfield>
    </datafield>
    <datafield ind1=" " ind2=" " tag="040">
      <subfield code="a">1200</subfield>
      <subfield code="b">ger</subfield>
      <subfield code="c">DE-101</subfield>
      <subfield code="d">9999</subfield>
    </datafield>
    <datafield ind1=" " ind2=" " tag="041">
      <subfield code="a">ger</subfield>
    </datafield>
    <datafield ind1=" " ind2=" " tag="044">
      <subfield code="c">XA-DE</subfield>
    </datafield>
    <datafield ind1="7" ind2="4" tag="082">
      <subfield code="q">DE-101</subfield>
      <subfield code="2">22sdnb</subfield>
    </datafield>
    <datafield ind1=" " ind2=" " tag="084">
      <subfield code="a">12a</subfield>
      <subfield code="a">700</subfield>
      <subfield code="a">710</subfield>
      <subfield code="a">720</subfield>
      <subfield code="a">730</subfield>
      <subfield code="a">740</subfield>
      <subfield code="a">750</subfield>
      <subfield code="a">760</subfield>
      <subfield code="a">900</subfield>
      <subfield code="a">930</subfield>
      <subfield code="q">DE-101</subfield>
      <subfield code="2">sdnb</subfield>
    </datafield>
    <datafield ind1="1" ind2=" " tag="100">
      <subfield code="0">(DE-588)118908146</subfield>
      <subfield code="0">(DE-101)118908146</subfield>
      <subfield code="a">Wessel, Klaus</subfield>
      <subfield code="d">1916-1987</subfield>
      <subfield code="4">aut</subfield>
    </datafield>
    <datafield ind1="1" ind2="0" tag="245">
      <subfield code="a">Koptische Kunst</subfield>
      <subfield code="b">Die Spätantike in Ägypten</subfield>
      <subfield code="c">Klaus Wessel</subfield>
    </datafield>
    <datafield ind1="3" ind2=" " tag="260">
      <subfield code="a">Recklinghausen</subfield>
      <subfield code="b">Bongers</subfield>
      <subfield code="c">1963</subfield>
    </datafield>
    <datafield ind1=" " ind2=" " tag="300">
      <subfield code="a">265 S., 1 Titelbild</subfield>
      <subfield code="b">[Mit 162 Abb., davon 23 farb. u. 2 Ktn.]</subfield>
      <subfield code="c">4</subfield>
    </datafield>
    <datafield ind1=" " ind2=" " tag="500">
      <subfield code="a">Mit Literaturverz. (S. 256 - 265)</subfield>
    </datafield>
  </record>