
  <record>
    <leader>01078nam a2200277 c 4500</leader>
    <controlfield tag="001">455527164</controlfield>
    <controlfield tag="003">DE-101</controlfield>
    <controlfield tag="005">20071223044413.0</controlfield>
    <controlfield tag="007">tu</controlfield>
    <controlfield tag="008">940816s1962    gw |||||r|||| 00||||ger  </controlfield>
    <datafield ind1="7" ind2=" " tag="016">
      <subfield code="2">DE-101</subfield>
      <subfield code="a">455527164</subfield>
    </datafield>
    <datafield ind1=" " ind2=" " tag="020">
      <subfield code="c">kart. : S. 48.-</subfield>
    </datafield>
    <datafield ind1=" " ind2=" " tag="035">
      <subfield code="a">(DE-599)DNB455527164</subfield>
    </datafield>
    <datafield ind1=" " ind2=" " tag="035">
      <subfield code="a">(OCoLC)249860087</subfield>
    </datafield>
    <datafield ind1=" " ind2=" " tag="040">
      <subfield code="a">1200</subfield>
      <subfield code="b">ger</subfield>
      <subfield code="c">DE-101</subfield>
      <subfield code="d">9999</subfield>
    </datafield>
    <datafield ind1=" " ind2=" " tag="041">
      <subfield code="a">ger</subfield>
    </datafield>
    <datafield ind1=" " ind2=" " tag="044">
      <subfield code="c">XA-DE</subfield>
    </datafield>
    <datafield ind1="7" ind2="4" tag="082">
      <subfield code="q">DE-101</subfield>
      <subfield code="2">22sdnb</subfield>
    </datafield>
    <datafield ind1=" " ind2=" " tag="084">
      <subfield code="a">07a</subfield>
      <subfield code="a">14a</subfield>
      <subfield code="a">400</subfield>
      <subfield code="a">420</subfield>
      <subfield code="a">430</subfield>
      <subfield code="a">439</subfield>
      <subfield code="a">440</subfield>
      <subfield code="a">450</subfield>
      <subfield code="a">460</subfield>
      <subfield code="a">470</subfield>
      <subfield code="a">480</subfield>
      <subfield code="a">490</subfield>
      <subfield code="a">800</subfield>
      <subfield code="a">810</subfield>
      <subfield code="a">820</subfield>
      <subfield code="a">830</subfield>
      <subfield code="a">839</subfield>
      <subfield code="a">840</subfield>
      <subfield code="a">850</subfield>
      <subfield code="a">860</subfield>
      <subfield code="a">870</subfield>
      <subfield code="a">880</subfield>
      <subfield code="a">890</subfield>
      <subfield code="q">DE-101</subfield>
      <subfield code="2">sdnb</subfield>
    </datafield>
    <datafield ind1="1" ind2=" " tag="100">
      <subfield code="0">(DE-588)118771744</subfield>
      <subfield code="0">(DE-101)118771744</subfield>
      <subfield code="a">Wild, Friedrich</subfield>
      <subfield code="d">1888-1966</subfield>
      <subfield code="4">aut</subfield>
    </datafield>
    <datafield ind1="1" ind2="0" tag="245">
      <subfield code="a">Drachen im Beowulf und andere Drachen</subfield>
    </datafield>
    <datafield ind1=" " ind2=" " tag="249">
      <subfield code="a">Drachenfeldzeichen, Drachenwappen, u. St. Georg / Friedrich Wild</subfield>
    </datafield>
    <datafield ind1="3" ind2=" " tag="260">
      <subfield code="a">Graz</subfield>
      <subfield code="a">Wien</subfield>
      <subfield code="a">Köln</subfield>
      <subfield code="b">Böhlau in Komm.</subfield>
      <subfield code="c">1962</subfield>
    </datafield>
    <datafield ind1=" " ind2=" " tag="300">
      <subfield code="a">56 S.</subfield>
      <subfield code="b">12 Abb. auf 6 Taf.</subfield>
      <subfield code="c">gr. 8</subfield>
    </datafield>
    <datafield ind1="1" ind2=" " tag="490">
      <subfield code="a">Sitzungsberichte / Österreichische Akademie der Wissenschaften, Philosophisch-historische Klasse</subfield>
      <subfield code="v">Bd. 238, Abh. 5</subfield>
    </datafield>
    <datafield ind1=" " ind2="0" tag="830">
      <subfield code="a">Sitzungsberichte</subfield>
      <subfield code="v">Bd. 238, Abh. 5</subfield>
      <subfield code="9">3238 15</subfield>
    </datafield>
  </record>