
  <record>
    <leader>01059nam a2200289 c 4500</leader>
    <controlfield tag="001">456070672</controlfield>
    <controlfield tag="003">DE-101</controlfield>
    <controlfield tag="005">20060608160851.0</controlfield>
    <controlfield tag="007">tu</controlfield>
    <controlfield tag="008">941115s1971    gw |||||r|||| 00||||ger  </controlfield>
    <datafield ind1="7" ind2=" " tag="016">
      <subfield code="2">DE-101</subfield>
      <subfield code="a">456070672</subfield>
    </datafield>
    <datafield ind1=" " ind2=" " tag="020">
      <subfield code="c">kart. : 4.-</subfield>
    </datafield>
    <datafield ind1=" " ind2=" " tag="035">
      <subfield code="a">(DE-599)DNB456070672</subfield>
    </datafield>
    <datafield ind1=" " ind2=" " tag="035">
      <subfield code="a">(OCoLC)73630072</subfield>
    </datafield>
    <datafield ind1=" " ind2=" " tag="040">
      <subfield code="a">1200</subfield>
      <subfield code="b">ger</subfield>
      <subfield code="c">DE-101</subfield>
      <subfield code="d">9999</subfield>
    </datafield>
    <datafield ind1=" " ind2=" " tag="041">
      <subfield code="a">ger</subfield>
    </datafield>
    <datafield ind1=" " ind2=" " tag="044">
      <subfield code="c">XA-DE</subfield>
    </datafield>
    <datafield ind1="1" ind2="0" tag="245">
      <subfield code="a">Beowulf und andere Sagen</subfield>
    </datafield>
    <datafield ind1=" " ind2=" " tag="249">
      <subfield code="a">Dietrich von Bern. (Im Auftr. d. Lesebuchausschusses d. Ges. d. Freunde d. Vaterländ. Schul- u. Erziehungswesens ausgew. u. zusammengestellt von Heinrich Kahl u. Fritz Specht)</subfield>
    </datafield>
    <datafield ind1=" " ind2=" " tag="250">
      <subfield code="a">[2. Aufl.]</subfield>
    </datafield>
    <datafield ind1=" " ind2=" " tag="259">
      <subfield code="a">12</subfield>
    </datafield>
    <datafield ind1="3" ind2=" " tag="260">
      <subfield code="a">Hamburg</subfield>
      <subfield code="b">Verl. Erziehung u. Wissenschaft</subfield>
      <subfield code="a">Braunschweig</subfield>
      <subfield code="a">Berlin</subfield>
      <subfield code="a">Hamburg</subfield>
      <subfield code="a">München</subfield>
      <subfield code="a">Düsseldorf</subfield>
      <subfield code="a">Darmstadt</subfield>
      <subfield code="b">Westermann</subfield>
      <subfield code="c">1971</subfield>
    </datafield>
    <datafield ind1=" " ind2=" " tag="300">
      <subfield code="a">104 S.</subfield>
      <subfield code="c">8</subfield>
    </datafield>
    <datafield ind1="1" ind2=" " tag="490">
      <subfield code="a">Deutsches Lesewerk</subfield>
      <subfield code="v">[H. 88]</subfield>
    </datafield>
    <datafield ind1=" " ind2=" " tag="500">
      <subfield code="a">Enth. ausserdem: Walther und Hildegund</subfield>
    </datafield>
    <datafield ind1="1" ind2=" " tag="700">
      <subfield code="0">(DE-588)129380148</subfield>
      <subfield code="0">(DE-101)129380148</subfield>
      <subfield code="a">Kahl, Heinrich</subfield>
      <subfield code="d">1921-2010</subfield>
      <subfield code="4">cre</subfield>
    </datafield>
    <datafield ind1=" " ind2="0" tag="830">
      <subfield code="a">Deutsches Lesewerk</subfield>
      <subfield code="v">[H. 88]</subfield>
      <subfield code="9">288</subfield>
    </datafield>
  </record>