
  <record>
    <leader>00733nam a2200229 c 4500</leader>
    <controlfield tag="001">456511032</controlfield>
    <controlfield tag="003">DE-101</controlfield>
    <controlfield tag="005">20100203010116.0</controlfield>
    <controlfield tag="007">tu</controlfield>
    <controlfield tag="008">941115s1967    gw |||||r|||| 00||||ger  </controlfield>
    <datafield ind1="7" ind2=" " tag="016">
      <subfield code="2">DE-101</subfield>
      <subfield code="a">456511032</subfield>
    </datafield>
    <datafield ind1=" " ind2=" " tag="035">
      <subfield code="a">(DE-599)DNB456511032</subfield>
    </datafield>
    <datafield ind1=" " ind2=" " tag="035">
      <subfield code="a">(OCoLC)600797494</subfield>
    </datafield>
    <datafield ind1=" " ind2=" " tag="040">
      <subfield code="a">1200</subfield>
      <subfield code="b">ger</subfield>
      <subfield code="c">DE-101</subfield>
      <subfield code="d">9999</subfield>
    </datafield>
    <datafield ind1=" " ind2=" " tag="041">
      <subfield code="a">ger</subfield>
    </datafield>
    <datafield ind1=" " ind2=" " tag="044">
      <subfield code="c">XA-DE</subfield>
    </datafield>
    <datafield ind1="7" ind2="4" tag="082">
      <subfield code="a">700</subfield>
      <subfield code="a">230</subfield>
      <subfield code="q">DE-101</subfield>
      <subfield code="2">22sdnb</subfield>
    </datafield>
    <datafield ind1=" " ind2=" " tag="084">
      <subfield code="a">700</subfield>
      <subfield code="a">230</subfield>
      <subfield code="q">DE-101</subfield>
      <subfield code="2">sdnb</subfield>
    </datafield>
    <datafield ind1="1" ind2=" " tag="100">
      <subfield code="0">(DE-588)135963435</subfield>
      <subfield code="0">(DE-101)135963435</subfield>
      <subfield code="a">Egger, Gerhart</subfield>
      <subfield code="d">1916-1990</subfield>
      <subfield code="4">aut</subfield>
    </datafield>
    <datafield ind1="1" ind2="0" tag="245">
      <subfield code="a">Koptische Textilien</subfield>
      <subfield code="c">Gerhart Egger. Österr. Museum f. Angewandte Kunst</subfield>
    </datafield>
    <datafield ind1="3" ind2=" " tag="260">
      <subfield code="a">Wien</subfield>
      <subfield code="b">Verl. des Österreichischen Museums für Angewandte Kunst</subfield>
      <subfield code="c">1967</subfield>
    </datafield>
    <datafield ind1=" " ind2=" " tag="300">
      <subfield code="a">22 S.</subfield>
      <subfield code="b">60 S. Abb.</subfield>
      <subfield code="c">gr. 8</subfield>
    </datafield>
  </record>