
  <record>
    <leader>00912nam a2200277 c 4500</leader>
    <controlfield tag="001">457950803</controlfield>
    <controlfield tag="003">DE-101</controlfield>
    <controlfield tag="005">20071223091431.0</controlfield>
    <controlfield tag="007">tu</controlfield>
    <controlfield tag="008">941115s1968    gw |||||r|||| 00||||ger  </controlfield>
    <datafield ind1="7" ind2=" " tag="016">
      <subfield code="2">DE-101</subfield>
      <subfield code="a">457950803</subfield>
    </datafield>
    <datafield ind1=" " ind2=" " tag="020">
      <subfield code="c">kart. : lfr 150.-</subfield>
    </datafield>
    <datafield ind1=" " ind2=" " tag="035">
      <subfield code="a">(DE-599)DNB457950803</subfield>
    </datafield>
    <datafield ind1=" " ind2=" " tag="035">
      <subfield code="a">(OCoLC)73869409</subfield>
    </datafield>
    <datafield ind1=" " ind2=" " tag="040">
      <subfield code="a">1200</subfield>
      <subfield code="b">ger</subfield>
      <subfield code="c">DE-101</subfield>
      <subfield code="d">9999</subfield>
    </datafield>
    <datafield ind1=" " ind2=" " tag="041">
      <subfield code="a">ger</subfield>
    </datafield>
    <datafield ind1=" " ind2=" " tag="044">
      <subfield code="c">XA-DE</subfield>
    </datafield>
    <datafield ind1="7" ind2="4" tag="082">
      <subfield code="q">DE-101</subfield>
      <subfield code="2">22sdnb</subfield>
    </datafield>
    <datafield ind1=" " ind2=" " tag="084">
      <subfield code="a">03b</subfield>
      <subfield code="a">130</subfield>
      <subfield code="a">150</subfield>
      <subfield code="q">DE-101</subfield>
      <subfield code="2">sdnb</subfield>
    </datafield>
    <datafield ind1="1" ind2=" " tag="100">
      <subfield code="0">(DE-588)107705435</subfield>
      <subfield code="0">(DE-101)107705435</subfield>
      <subfield code="a">Robert, Aloys</subfield>
      <subfield code="4">aut</subfield>
    </datafield>
    <datafield ind1="1" ind2="0" tag="245">
      <subfield code="a">Einführung in die Menschenkenntnis</subfield>
      <subfield code="b">Konstitution d. Persönlichkeit. Psychologie d. menschl. Verhaltens u. Handelns im Privat-, im Berufs- u. im Gesellschaftsleben</subfield>
      <subfield code="c">Aloys Robert</subfield>
    </datafield>
    <datafield ind1=" " ind2=" " tag="250">
      <subfield code="a">2. Aufl.</subfield>
    </datafield>
    <datafield ind1=" " ind2=" " tag="259">
      <subfield code="a">12</subfield>
    </datafield>
    <datafield ind1="3" ind2=" " tag="260">
      <subfield code="a">Strassen, Luxemburg</subfield>
      <subfield code="b">Selbstverl.</subfield>
      <subfield code="c">1968</subfield>
    </datafield>
    <datafield ind1=" " ind2=" " tag="300">
      <subfield code="a">175, XVIII S.</subfield>
      <subfield code="c">8</subfield>
    </datafield>
    <datafield ind1=" " ind2=" " tag="500">
      <subfield code="a">Mit Literaturverz. (S. XVI - XVIII)</subfield>
    </datafield>
  </record>