
  <record>
    <leader>01191nam a2200277 c 4500</leader>
    <controlfield tag="001">458291161</controlfield>
    <controlfield tag="003">DE-101</controlfield>
    <controlfield tag="005">20071223093607.0</controlfield>
    <controlfield tag="007">tu</controlfield>
    <controlfield tag="008">941115s1966    gw |||||r|||| 00||||ger  </controlfield>
    <datafield ind1="7" ind2=" " tag="016">
      <subfield code="2">DE-101</subfield>
      <subfield code="a">458291161</subfield>
    </datafield>
    <datafield ind1=" " ind2=" " tag="020">
      <subfield code="c">kart. : DM-Ost 12.70</subfield>
    </datafield>
    <datafield ind1=" " ind2=" " tag="035">
      <subfield code="a">(DE-599)DNB458291161</subfield>
    </datafield>
    <datafield ind1=" " ind2=" " tag="035">
      <subfield code="a">(OCoLC)720342392</subfield>
    </datafield>
    <datafield ind1=" " ind2=" " tag="040">
      <subfield code="a">1200</subfield>
      <subfield code="b">ger</subfield>
      <subfield code="c">DE-101</subfield>
      <subfield code="d">9999</subfield>
    </datafield>
    <datafield ind1=" " ind2=" " tag="041">
      <subfield code="a">ger</subfield>
    </datafield>
    <datafield ind1=" " ind2=" " tag="044">
      <subfield code="c">XA-DE</subfield>
    </datafield>
    <datafield ind1="7" ind2="4" tag="082">
      <subfield code="q">DE-101</subfield>
      <subfield code="2">22sdnb</subfield>
    </datafield>
    <datafield ind1=" " ind2=" " tag="084">
      <subfield code="a">17a</subfield>
      <subfield code="a">610</subfield>
      <subfield code="q">DE-101</subfield>
      <subfield code="2">sdnb</subfield>
    </datafield>
    <datafield ind1="1" ind2=" " tag="100">
      <subfield code="0">(DE-588)104965894</subfield>
      <subfield code="0">(DE-101)104965894</subfield>
      <subfield code="a">Szewczyk, Hans</subfield>
      <subfield code="4">aut</subfield>
    </datafield>
    <datafield ind1="1" ind2="0" tag="245">
      <subfield code="a">Psychologie und Magen-Darmulkus</subfield>
      <subfield code="b">Untersuchungen z. Persönlichkeit, Entwicklung u. zum Sozialbereich</subfield>
      <subfield code="c">Hans Szewczyk</subfield>
    </datafield>
    <datafield ind1="3" ind2=" " tag="260">
      <subfield code="a">Jena</subfield>
      <subfield code="b">G. Fischer VEB</subfield>
      <subfield code="c">1966</subfield>
    </datafield>
    <datafield ind1=" " ind2=" " tag="300">
      <subfield code="a">114 S.</subfield>
      <subfield code="b">Mit 2 Abb. u. 23 Tab.</subfield>
      <subfield code="c">8</subfield>
    </datafield>
    <datafield ind1="1" ind2=" " tag="490">
      <subfield code="a">Sammlung zwangloser Abhandlungen aus dem Gebiete der Psychiatrie und Neurologie unter besonderer Berücksichtigung der allgemeinen Medizin und der täglichen Praxis</subfield>
      <subfield code="v">H. 30</subfield>
    </datafield>
    <datafield ind1=" " ind2=" " tag="500">
      <subfield code="a">Mit Literaturverz. (S. 107 - 114)</subfield>
    </datafield>
    <datafield ind1=" " ind2="0" tag="830">
      <subfield code="a">Sammlung zwangloser Abhandlungen aus dem Gebiete der Psychiatrie und Neurologie unter besonderer Berücksichtigung der allgemeinen Medizin und der täglichen Praxis</subfield>
      <subfield code="v">H. 30</subfield>
      <subfield code="9">230</subfield>
    </datafield>
  </record>