
  <record>
    <leader>01083nam a2200289 c 4500</leader>
    <controlfield tag="001">458563307</controlfield>
    <controlfield tag="003">DE-101</controlfield>
    <controlfield tag="005">20090310125909.0</controlfield>
    <controlfield tag="007">tu</controlfield>
    <controlfield tag="008">941115s1967    gw |||||r|||| 00||||ger  </controlfield>
    <datafield ind1="7" ind2=" " tag="016">
      <subfield code="2">DE-101</subfield>
      <subfield code="a">458563307</subfield>
    </datafield>
    <datafield ind1=" " ind2=" " tag="020">
      <subfield code="c">kart. : $ 5.-</subfield>
    </datafield>
    <datafield ind1=" " ind2=" " tag="035">
      <subfield code="a">(DE-599)DNB458563307</subfield>
    </datafield>
    <datafield ind1=" " ind2=" " tag="035">
      <subfield code="a">(OCoLC)73912665</subfield>
    </datafield>
    <datafield ind1=" " ind2=" " tag="040">
      <subfield code="a">1200</subfield>
      <subfield code="b">ger</subfield>
      <subfield code="c">DE-101</subfield>
      <subfield code="d">1140</subfield>
    </datafield>
    <datafield ind1=" " ind2=" " tag="041">
      <subfield code="a">ger</subfield>
    </datafield>
    <datafield ind1=" " ind2=" " tag="044">
      <subfield code="c">XA-DE</subfield>
    </datafield>
    <datafield ind1="7" ind2="4" tag="082">
      <subfield code="q">DE-101</subfield>
      <subfield code="2">22sdnb</subfield>
    </datafield>
    <datafield ind1=" " ind2=" " tag="084">
      <subfield code="a">07a</subfield>
      <subfield code="a">400</subfield>
      <subfield code="a">420</subfield>
      <subfield code="a">430</subfield>
      <subfield code="a">439</subfield>
      <subfield code="a">440</subfield>
      <subfield code="a">450</subfield>
      <subfield code="a">460</subfield>
      <subfield code="a">470</subfield>
      <subfield code="a">480</subfield>
      <subfield code="a">490</subfield>
      <subfield code="a">800</subfield>
      <subfield code="a">810</subfield>
      <subfield code="a">820</subfield>
      <subfield code="a">830</subfield>
      <subfield code="a">839</subfield>
      <subfield code="a">840</subfield>
      <subfield code="a">850</subfield>
      <subfield code="a">860</subfield>
      <subfield code="a">870</subfield>
      <subfield code="a">880</subfield>
      <subfield code="a">890</subfield>
      <subfield code="q">DE-101</subfield>
      <subfield code="2">sdnb</subfield>
    </datafield>
    <datafield ind1="1" ind2=" " tag="100">
      <subfield code="0">(DE-588)117103772</subfield>
      <subfield code="0">(DE-101)117103772</subfield>
      <subfield code="a">Wagner, Reinhard</subfield>
      <subfield code="d">1881-1945</subfield>
      <subfield code="4">aut</subfield>
    </datafield>
    <datafield ind1="1" ind2="0" tag="245">
      <subfield code="a">Die Syntax des Superlativs im Gotischen, Altniederdeutschen, Althochdeutschen, Frühmittelhochdeutschen, im Beowulf und in der älteren Edda</subfield>
      <subfield code="c">Reinhard Wagner</subfield>
    </datafield>
    <datafield ind1=" " ind2=" " tag="250">
      <subfield code="a">Repr. [d. Ausg.] Berlin, Mayer u. Müller, 1910</subfield>
    </datafield>
    <datafield ind1=" " ind2=" " tag="259">
      <subfield code="a">ndr</subfield>
    </datafield>
    <datafield ind1="3" ind2=" " tag="260">
      <subfield code="a">New York</subfield>
      <subfield code="a">London</subfield>
      <subfield code="b">Johnson</subfield>
      <subfield code="c">1967</subfield>
    </datafield>
    <datafield ind1=" " ind2=" " tag="300">
      <subfield code="a">VIII, 117 S.</subfield>
      <subfield code="c">8</subfield>
    </datafield>
    <datafield ind1="1" ind2=" " tag="490">
      <subfield code="a">Palaestra</subfield>
      <subfield code="v">91</subfield>
    </datafield>
    <datafield ind1=" " ind2="0" tag="830">
      <subfield code="a">Palaestra</subfield>
      <subfield code="v">91</subfield>
      <subfield code="w">(DE-101)012642185</subfield>
      <subfield code="w">(DE-600)504375-x</subfield>
      <subfield code="9">291</subfield>
    </datafield>
  </record>