
  <record>
    <leader>00855nam a2200277 c 4500</leader>
    <controlfield tag="001">458744093</controlfield>
    <controlfield tag="003">DE-101</controlfield>
    <controlfield tag="005">20071223102021.0</controlfield>
    <controlfield tag="007">tu</controlfield>
    <controlfield tag="008">941115s1967    gw |||||r|||| 00||||ger  </controlfield>
    <datafield ind1="7" ind2=" " tag="016">
      <subfield code="2">DE-101</subfield>
      <subfield code="a">458744093</subfield>
    </datafield>
    <datafield ind1=" " ind2=" " tag="020">
      <subfield code="c">Lw. : 43.40</subfield>
    </datafield>
    <datafield ind1=" " ind2=" " tag="035">
      <subfield code="a">(DE-599)DNB458744093</subfield>
    </datafield>
    <datafield ind1=" " ind2=" " tag="035">
      <subfield code="a">(OCoLC)602920207</subfield>
    </datafield>
    <datafield ind1=" " ind2=" " tag="040">
      <subfield code="a">1200</subfield>
      <subfield code="b">ger</subfield>
      <subfield code="c">DE-101</subfield>
      <subfield code="d">9999</subfield>
    </datafield>
    <datafield ind1=" " ind2=" " tag="041">
      <subfield code="a">ger</subfield>
    </datafield>
    <datafield ind1=" " ind2=" " tag="044">
      <subfield code="c">XA-DE</subfield>
    </datafield>
    <datafield ind1="7" ind2="4" tag="082">
      <subfield code="q">DE-101</subfield>
      <subfield code="2">22sdnb</subfield>
    </datafield>
    <datafield ind1=" " ind2=" " tag="084">
      <subfield code="a">03b</subfield>
      <subfield code="a">130</subfield>
      <subfield code="a">150</subfield>
      <subfield code="q">DE-101</subfield>
      <subfield code="2">sdnb</subfield>
    </datafield>
    <datafield ind1="1" ind2="0" tag="245">
      <subfield code="a">Zur Psychologie der Persönlichkeit</subfield>
      <subfield code="c">Hrsg. von Nikolaus Petrilowitsch</subfield>
    </datafield>
    <datafield ind1="3" ind2=" " tag="260">
      <subfield code="a">Darmstadt</subfield>
      <subfield code="b">Wissenschaftliche Buchges.</subfield>
      <subfield code="c">1967</subfield>
    </datafield>
    <datafield ind1=" " ind2=" " tag="300">
      <subfield code="a">VII, 556 S.</subfield>
      <subfield code="b">mit 12 Abb.</subfield>
      <subfield code="c">8</subfield>
    </datafield>
    <datafield ind1="1" ind2=" " tag="490">
      <subfield code="a">Wege der Forschung</subfield>
      <subfield code="v">Bd. 75</subfield>
    </datafield>
    <datafield ind1=" " ind2=" " tag="500">
      <subfield code="a">Mit Literaturangaben</subfield>
    </datafield>
    <datafield ind1="1" ind2=" " tag="700">
      <subfield code="0">(DE-588)104934212</subfield>
      <subfield code="0">(DE-101)104934212</subfield>
      <subfield code="a">Petrilowitsch, Nikolaus</subfield>
      <subfield code="4">cre</subfield>
    </datafield>
    <datafield ind1=" " ind2="0" tag="830">
      <subfield code="a">Wege der Forschung</subfield>
      <subfield code="v">Bd. 75</subfield>
      <subfield code="9">275</subfield>
    </datafield>
  </record>