
  <record>
    <leader>01183nam a2200289 c 4500</leader>
    <controlfield tag="001">458776882</controlfield>
    <controlfield tag="003">DE-101</controlfield>
    <controlfield tag="005">20110517155350.0</controlfield>
    <controlfield tag="007">tu</controlfield>
    <controlfield tag="008">941115s1964    gw |||||r|||| 00||||ger  </controlfield>
    <datafield ind1="7" ind2=" " tag="016">
      <subfield code="2">DE-101</subfield>
      <subfield code="a">458776882</subfield>
    </datafield>
    <datafield ind1=" " ind2=" " tag="020">
      <subfield code="c">kart. : 29.50</subfield>
    </datafield>
    <datafield ind1=" " ind2=" " tag="035">
      <subfield code="a">(DE-599)DNB458776882</subfield>
    </datafield>
    <datafield ind1=" " ind2=" " tag="035">
      <subfield code="a">(OCoLC)73937841</subfield>
    </datafield>
    <datafield ind1=" " ind2=" " tag="040">
      <subfield code="a">1200</subfield>
      <subfield code="b">ger</subfield>
      <subfield code="c">DE-101</subfield>
      <subfield code="d">9999</subfield>
    </datafield>
    <datafield ind1=" " ind2=" " tag="041">
      <subfield code="a">ger</subfield>
    </datafield>
    <datafield ind1=" " ind2=" " tag="044">
      <subfield code="c">XA-DE</subfield>
    </datafield>
    <datafield ind1="7" ind2="4" tag="082">
      <subfield code="q">DE-101</subfield>
      <subfield code="2">22sdnb</subfield>
    </datafield>
    <datafield ind1=" " ind2=" " tag="084">
      <subfield code="a">05b</subfield>
      <subfield code="a">300</subfield>
      <subfield code="a">360</subfield>
      <subfield code="a">710</subfield>
      <subfield code="a">900</subfield>
      <subfield code="a">940</subfield>
      <subfield code="a">943</subfield>
      <subfield code="a">950</subfield>
      <subfield code="a">960</subfield>
      <subfield code="a">970</subfield>
      <subfield code="a">980</subfield>
      <subfield code="a">990</subfield>
      <subfield code="q">DE-101</subfield>
      <subfield code="2">sdnb</subfield>
    </datafield>
    <datafield ind1="1" ind2="0" tag="245">
      <subfield code="a">Max Weber zum Gedächtnis</subfield>
      <subfield code="b">Materialien u. Dokumente z. Bewertung von Werk u. Persönlichkeit</subfield>
      <subfield code="c">Hrsg. von René König u. Johannes Winckelmann</subfield>
    </datafield>
    <datafield ind1="3" ind2=" " tag="260">
      <subfield code="a">Köln</subfield>
      <subfield code="a">Opladen</subfield>
      <subfield code="b">Westdt. Verl.</subfield>
      <subfield code="c">1964, [1964]</subfield>
    </datafield>
    <datafield ind1=" " ind2=" " tag="300">
      <subfield code="a">488 S.</subfield>
      <subfield code="c">gr. 8</subfield>
    </datafield>
    <datafield ind1="1" ind2=" " tag="490">
      <subfield code="a">Kölner Zeitschrift für Soziologie und Sozialpsychologie : Sonderh.</subfield>
      <subfield code="v">7</subfield>
    </datafield>
    <datafield ind1="1" ind2=" " tag="700">
      <subfield code="0">(DE-588)118629743</subfield>
      <subfield code="0">(DE-101)118629743</subfield>
      <subfield code="a">Weber, Max</subfield>
      <subfield code="d">1864-1920</subfield>
      <subfield code="4">cre</subfield>
    </datafield>
    <datafield ind1="1" ind2=" " tag="700">
      <subfield code="0">(DE-588)118564390</subfield>
      <subfield code="0">(DE-101)118564390</subfield>
      <subfield code="a">König, René</subfield>
      <subfield code="d">1906-1992</subfield>
      <subfield code="4">cre</subfield>
    </datafield>
    <datafield ind1="1" ind2=" " tag="700">
      <subfield code="0">(DE-588)100720978</subfield>
      <subfield code="0">(DE-101)100720978</subfield>
      <subfield code="a">Winckelmann, Johannes</subfield>
      <subfield code="d">1900-1985</subfield>
      <subfield code="4">cre</subfield>
    </datafield>
    <datafield ind1=" " ind2="0" tag="830">
      <subfield code="a">Kölner Zeitschrift für Soziologie und Sozialpsychologie</subfield>
      <subfield code="v">7</subfield>
      <subfield code="9">17</subfield>
    </datafield>
  </record>