
  <record>
    <leader>00708nam a2200229 c 4500</leader>
    <controlfield tag="001">481087524</controlfield>
    <controlfield tag="003">DE-101</controlfield>
    <controlfield tag="005">20060610051729.0</controlfield>
    <controlfield tag="007">tu</controlfield>
    <controlfield tag="008">941015s1961    gw |||||rm||| 00||||ger  </controlfield>
    <datafield ind1="7" ind2=" " tag="016">
      <subfield code="2">DE-101</subfield>
      <subfield code="a">481087524</subfield>
    </datafield>
    <datafield ind1=" " ind2=" " tag="035">
      <subfield code="a">(DE-599)DNB481087524</subfield>
    </datafield>
    <datafield ind1=" " ind2=" " tag="035">
      <subfield code="a">(OCoLC)720339599</subfield>
    </datafield>
    <datafield ind1=" " ind2=" " tag="040">
      <subfield code="a">1100</subfield>
      <subfield code="b">ger</subfield>
      <subfield code="c">DE-101</subfield>
      <subfield code="d">9999</subfield>
    </datafield>
    <datafield ind1=" " ind2=" " tag="041">
      <subfield code="a">ger</subfield>
    </datafield>
    <datafield ind1=" " ind2=" " tag="044">
      <subfield code="c">XA-DE</subfield>
    </datafield>
    <datafield ind1="1" ind2=" " tag="100">
      <subfield code="0">(DE-588)124209297</subfield>
      <subfield code="0">(DE-101)124209297</subfield>
      <subfield code="a">Kleiner, Fritz</subfield>
      <subfield code="d">1913-</subfield>
      <subfield code="4">aut</subfield>
    </datafield>
    <datafield ind1="1" ind2="0" tag="245">
      <subfield code="a">Das Problem der Persönlichkeit in der amerikanischen Psychologie</subfield>
      <subfield code="b">Eine systemat.-methodol. Unters.</subfield>
    </datafield>
    <datafield ind1="3" ind2=" " tag="260">
      <subfield code="a">München</subfield>
      <subfield code="b">[s.n.]</subfield>
      <subfield code="c">1961</subfield>
    </datafield>
    <datafield ind1=" " ind2=" " tag="300">
      <subfield code="a">254 S.</subfield>
      <subfield code="c">8</subfield>
    </datafield>
    <datafield ind1=" " ind2=" " tag="502">
      <subfield code="a">München, Phil. F., Diss. v. 4. April 1961</subfield>
      <subfield code="o">U 61.7491</subfield>
    </datafield>
    <datafield ind1="r" ind2=" " tag="925">
      <subfield code="a">rh</subfield>
    </datafield>
  </record>