
  <record>
    <leader>00647nam a2200229 c 4500</leader>
    <controlfield tag="001">481299300</controlfield>
    <controlfield tag="003">DE-101</controlfield>
    <controlfield tag="005">20110223010430.0</controlfield>
    <controlfield tag="007">tu</controlfield>
    <controlfield tag="008">941015s1964    gw |||||rm||| 00||||ger  </controlfield>
    <datafield ind1="7" ind2=" " tag="016">
      <subfield code="2">DE-101</subfield>
      <subfield code="a">481299300</subfield>
    </datafield>
    <datafield ind1=" " ind2=" " tag="035">
      <subfield code="a">(DE-599)DNB481299300</subfield>
    </datafield>
    <datafield ind1=" " ind2=" " tag="035">
      <subfield code="a">(OCoLC)310472768</subfield>
    </datafield>
    <datafield ind1=" " ind2=" " tag="040">
      <subfield code="a">1100</subfield>
      <subfield code="b">ger</subfield>
      <subfield code="c">DE-101</subfield>
      <subfield code="d">9999</subfield>
    </datafield>
    <datafield ind1=" " ind2=" " tag="041">
      <subfield code="a">ger</subfield>
    </datafield>
    <datafield ind1=" " ind2=" " tag="044">
      <subfield code="c">XA-DE</subfield>
    </datafield>
    <datafield ind1="1" ind2=" " tag="100">
      <subfield code="0">(DE-588)143540300</subfield>
      <subfield code="0">(DE-101)143540300</subfield>
      <subfield code="a">Blumenstengel, Ilse</subfield>
      <subfield code="d">1935-</subfield>
      <subfield code="4">aut</subfield>
    </datafield>
    <datafield ind1="1" ind2="0" tag="245">
      <subfield code="a">Wesen und Funktion des Banketts im Beowulf</subfield>
    </datafield>
    <datafield ind1="3" ind2=" " tag="260">
      <subfield code="a">Marburg</subfield>
      <subfield code="b">[s.n.]</subfield>
      <subfield code="c">1964</subfield>
    </datafield>
    <datafield ind1=" " ind2=" " tag="300">
      <subfield code="a">152 S.</subfield>
      <subfield code="c">8</subfield>
    </datafield>
    <datafield ind1=" " ind2=" " tag="502">
      <subfield code="a">Marburg, Phil. F., Diss. v. 29. Juli 1964</subfield>
      <subfield code="o">U 65.9505</subfield>
    </datafield>
    <datafield ind1="r" ind2=" " tag="925">
      <subfield code="a">rh</subfield>
    </datafield>
  </record>