
  <record>
    <leader>00795nam a2200253 c 4500</leader>
    <controlfield tag="001">481893253</controlfield>
    <controlfield tag="003">DE-101</controlfield>
    <controlfield tag="005">20071223134928.0</controlfield>
    <controlfield tag="007">tu</controlfield>
    <controlfield tag="008">941015s1963    gw |||||rm||| 00||||ger  </controlfield>
    <datafield ind1="7" ind2=" " tag="016">
      <subfield code="2">DE-101</subfield>
      <subfield code="a">481893253</subfield>
    </datafield>
    <datafield ind1=" " ind2=" " tag="035">
      <subfield code="a">(DE-599)DNB481893253</subfield>
    </datafield>
    <datafield ind1=" " ind2=" " tag="035">
      <subfield code="a">(OCoLC)74036781</subfield>
    </datafield>
    <datafield ind1=" " ind2=" " tag="040">
      <subfield code="a">1100</subfield>
      <subfield code="b">ger</subfield>
      <subfield code="c">DE-101</subfield>
      <subfield code="d">9999</subfield>
    </datafield>
    <datafield ind1=" " ind2=" " tag="041">
      <subfield code="a">ger</subfield>
    </datafield>
    <datafield ind1=" " ind2=" " tag="044">
      <subfield code="c">XA-DE</subfield>
    </datafield>
    <datafield ind1="7" ind2="4" tag="082">
      <subfield code="q">DE-101</subfield>
      <subfield code="2">22sdnb</subfield>
    </datafield>
    <datafield ind1=" " ind2=" " tag="084">
      <subfield code="a">33</subfield>
      <subfield code="a">610</subfield>
      <subfield code="q">DE-101</subfield>
      <subfield code="2">sdnb</subfield>
    </datafield>
    <datafield ind1="1" ind2=" " tag="100">
      <subfield code="0">(DE-588)106649736</subfield>
      <subfield code="0">(DE-101)106649736</subfield>
      <subfield code="a">Liesenfeld, Rudolf</subfield>
      <subfield code="4">aut</subfield>
    </datafield>
    <datafield ind1="1" ind2="0" tag="245">
      <subfield code="a">Zur Psychologie und Psychopathologie des Zwangs. Unter bes. Berücks. v. praemorbider Persönlichkeit u. Zwangssyndrom</subfield>
    </datafield>
    <datafield ind1="3" ind2=" " tag="260">
      <subfield code="a">Düsseldorf</subfield>
      <subfield code="b">[s.n.]</subfield>
      <subfield code="c">1963</subfield>
    </datafield>
    <datafield ind1=" " ind2=" " tag="300">
      <subfield code="a">32 S.</subfield>
      <subfield code="c">8</subfield>
    </datafield>
    <datafield ind1=" " ind2=" " tag="502">
      <subfield code="a">Düsseldorf, Med. Ak., Diss. v. 17. Sept. 1963</subfield>
      <subfield code="o">U 63.2541</subfield>
    </datafield>
    <datafield ind1="r" ind2=" " tag="925">
      <subfield code="a">rh</subfield>
    </datafield>
  </record>