
  <record>
    <leader>00726nam a2200241 c 4500</leader>
    <controlfield tag="001">482097795</controlfield>
    <controlfield tag="003">DE-101</controlfield>
    <controlfield tag="005">20060612160247.0</controlfield>
    <controlfield tag="007">tu</controlfield>
    <controlfield tag="008">941015s1969    gw |||||rm||| 00||||ger  </controlfield>
    <datafield ind1="7" ind2=" " tag="016">
      <subfield code="2">DE-101</subfield>
      <subfield code="a">482097795</subfield>
    </datafield>
    <datafield ind1=" " ind2=" " tag="035">
      <subfield code="a">(DE-599)DNB482097795</subfield>
    </datafield>
    <datafield ind1=" " ind2=" " tag="035">
      <subfield code="a">(OCoLC)720371162</subfield>
    </datafield>
    <datafield ind1=" " ind2=" " tag="040">
      <subfield code="a">1100</subfield>
      <subfield code="b">ger</subfield>
      <subfield code="c">DE-101</subfield>
      <subfield code="d">9999</subfield>
    </datafield>
    <datafield ind1=" " ind2=" " tag="041">
      <subfield code="a">ger</subfield>
    </datafield>
    <datafield ind1=" " ind2=" " tag="044">
      <subfield code="c">XA-DE</subfield>
    </datafield>
    <datafield ind1="1" ind2=" " tag="100">
      <subfield code="0">(DE-588)106835092</subfield>
      <subfield code="0">(DE-101)106835092</subfield>
      <subfield code="a">Strauß, Jürgen</subfield>
      <subfield code="4">aut</subfield>
    </datafield>
    <datafield ind1="1" ind2="0" tag="245">
      <subfield code="a">Die Bezeichnungen für "Herr" und "Gebieter" im Beowulf</subfield>
    </datafield>
    <datafield ind1="3" ind2=" " tag="260">
      <subfield code="a">Kiel</subfield>
      <subfield code="b">[s.n.]</subfield>
      <subfield code="c">1969</subfield>
    </datafield>
    <datafield ind1=" " ind2=" " tag="300">
      <subfield code="a">190 gez. Bl.</subfield>
      <subfield code="c">4 [Maschinenschr.]</subfield>
    </datafield>
    <datafield ind1=" " ind2=" " tag="500">
      <subfield code="a">(Lag nicht vor)</subfield>
    </datafield>
    <datafield ind1=" " ind2=" " tag="502">
      <subfield code="a">Kiel, Phil. F., Diss. v. 28. Juni 1969 (Nicht f. d. Aust.)</subfield>
      <subfield code="o">U 70.11822</subfield>
    </datafield>
    <datafield ind1="r" ind2=" " tag="925">
      <subfield code="a">rh</subfield>
    </datafield>
  </record>