
  <record>
    <leader>00869nam a2200241 c 4500</leader>
    <controlfield tag="001">482253010</controlfield>
    <controlfield tag="003">DE-101</controlfield>
    <controlfield tag="005">20060612163027.0</controlfield>
    <controlfield tag="007">tu</controlfield>
    <controlfield tag="008">941015s1967    gw |||||rm||| 00||||ger  </controlfield>
    <datafield ind1="7" ind2=" " tag="016">
      <subfield code="2">DE-101</subfield>
      <subfield code="a">482253010</subfield>
    </datafield>
    <datafield ind1=" " ind2=" " tag="035">
      <subfield code="a">(DE-599)DNB482253010</subfield>
    </datafield>
    <datafield ind1=" " ind2=" " tag="035">
      <subfield code="a">(OCoLC)74066362</subfield>
    </datafield>
    <datafield ind1=" " ind2=" " tag="040">
      <subfield code="a">1100</subfield>
      <subfield code="b">ger</subfield>
      <subfield code="c">DE-101</subfield>
      <subfield code="d">9999</subfield>
    </datafield>
    <datafield ind1=" " ind2=" " tag="041">
      <subfield code="a">ger</subfield>
    </datafield>
    <datafield ind1=" " ind2=" " tag="044">
      <subfield code="c">XA-DE</subfield>
    </datafield>
    <datafield ind1="1" ind2=" " tag="100">
      <subfield code="0">(DE-588)106984241</subfield>
      <subfield code="0">(DE-101)106984241</subfield>
      <subfield code="a">Westphalen, Tilman</subfield>
      <subfield code="d">1935-</subfield>
      <subfield code="4">aut</subfield>
    </datafield>
    <datafield ind1="1" ind2="0" tag="245">
      <subfield code="a">Beowulf 3150-55</subfield>
      <subfield code="b">Textkritik u. Editionsgeschichte. Die Episode d. klagenden Frau am Scheiterhaufen Beowulfs. [1. 2]</subfield>
    </datafield>
    <datafield ind1="3" ind2=" " tag="260">
      <subfield code="a">Köln</subfield>
      <subfield code="b">[s.n.]</subfield>
      <subfield code="c">1967</subfield>
    </datafield>
    <datafield ind1=" " ind2=" " tag="300">
      <subfield code="a">XI, 382 S., mehr. Taf.; Anl.</subfield>
      <subfield code="c">8</subfield>
    </datafield>
    <datafield ind1=" " ind2=" " tag="500">
      <subfield code="a">Auch im Buchh. als: Bochumer Arbeiten zur Sprach- u. Literaturwissenschaft. Bd 2</subfield>
    </datafield>
    <datafield ind1=" " ind2=" " tag="502">
      <subfield code="a">Köln, Phil. F., Diss. v. 26. Juli 1967 (Nur in beschr. Anz. f. d. Aust.)</subfield>
      <subfield code="o">U 67.9386</subfield>
    </datafield>
    <datafield ind1="r" ind2=" " tag="925">
      <subfield code="a">rh</subfield>
    </datafield>
  </record>