
  <record>
    <leader>00868nam a2200253 c 4500</leader>
    <controlfield tag="001">482502940</controlfield>
    <controlfield tag="003">DE-101</controlfield>
    <controlfield tag="005">20091221123731.0</controlfield>
    <controlfield tag="007">tu</controlfield>
    <controlfield tag="008">941015s1969    xx |||||rm||| 00||||ger  </controlfield>
    <datafield ind1="7" ind2=" " tag="016">
      <subfield code="2">DE-101</subfield>
      <subfield code="a">482502940</subfield>
    </datafield>
    <datafield ind1=" " ind2=" " tag="035">
      <subfield code="a">(DE-599)DNB482502940</subfield>
    </datafield>
    <datafield ind1=" " ind2=" " tag="035">
      <subfield code="a">(OCoLC)74081837</subfield>
    </datafield>
    <datafield ind1=" " ind2=" " tag="040">
      <subfield code="a">1100</subfield>
      <subfield code="b">ger</subfield>
      <subfield code="c">DE-101</subfield>
      <subfield code="d">1250</subfield>
    </datafield>
    <datafield ind1=" " ind2=" " tag="041">
      <subfield code="a">ger</subfield>
    </datafield>
    <datafield ind1=" " ind2=" " tag="044">
      <subfield code="c">XA-DDDE</subfield>
    </datafield>
    <datafield ind1="7" ind2="4" tag="082">
      <subfield code="a">700</subfield>
      <subfield code="a">230</subfield>
      <subfield code="q">DE-101</subfield>
      <subfield code="2">22sdnb</subfield>
    </datafield>
    <datafield ind1=" " ind2=" " tag="084">
      <subfield code="a">700</subfield>
      <subfield code="a">230</subfield>
      <subfield code="q">DE-101</subfield>
      <subfield code="2">sdnb</subfield>
    </datafield>
    <datafield ind1="1" ind2=" " tag="100">
      <subfield code="0">(DE-588)107213303</subfield>
      <subfield code="0">(DE-101)107213303</subfield>
      <subfield code="a">Trauzeddel, Sigrid</subfield>
      <subfield code="4">aut</subfield>
    </datafield>
    <datafield ind1="1" ind2="0" tag="245">
      <subfield code="a">Die koptische Kunst als ägyptische Volkskunst</subfield>
      <subfield code="b">Untersuchgn zum Volkskunstcharakter d. kopt. Kunst</subfield>
      <subfield code="c">Trauzeddel geb. Gräfenhain, Sigrid</subfield>
    </datafield>
    <datafield ind1="3" ind2=" " tag="260">
      <subfield code="a">Halle</subfield>
      <subfield code="b">[s.n.]</subfield>
      <subfield code="c">1969</subfield>
    </datafield>
    <datafield ind1=" " ind2=" " tag="300">
      <subfield code="a">143 gez. Bl.</subfield>
      <subfield code="c">4 [Maschinenschr. vervielf.]</subfield>
    </datafield>
    <datafield ind1=" " ind2=" " tag="502">
      <subfield code="a">Halle, Phil. F., Diss. v. 10. Juni 1969 (Nicht f. d. Aust.)</subfield>
      <subfield code="o">U 69.7447</subfield>
    </datafield>
    <datafield ind1="r" ind2=" " tag="925">
      <subfield code="a">rh</subfield>
    </datafield>
  </record>