
  <record>
    <leader>00783nam a2200253 ca4500</leader>
    <controlfield tag="001">540238880</controlfield>
    <controlfield tag="003">DE-101</controlfield>
    <controlfield tag="005">20101122155945.0</controlfield>
    <controlfield tag="007">tu</controlfield>
    <controlfield tag="008">740429s        gw |||||r|||| 00|||||||  </controlfield>
    <datafield ind1=" " ind2=" " tag="015">
      <subfield code="a">72,A41,0247</subfield>
      <subfield code="2">dnb</subfield>
    </datafield>
    <datafield ind1="7" ind2=" " tag="016">
      <subfield code="2">DE-101</subfield>
      <subfield code="a">540238880</subfield>
    </datafield>
    <datafield ind1=" " ind2=" " tag="035">
      <subfield code="a">(DE-599)DNB540238880</subfield>
    </datafield>
    <datafield ind1=" " ind2=" " tag="035">
      <subfield code="a">(OCoLC)74111549</subfield>
    </datafield>
    <datafield ind1=" " ind2=" " tag="040">
      <subfield code="a">1200</subfield>
      <subfield code="b">ger</subfield>
      <subfield code="c">DE-101</subfield>
      <subfield code="d">9999</subfield>
    </datafield>
    <datafield ind1=" " ind2=" " tag="044">
      <subfield code="c">XA-DE</subfield>
    </datafield>
    <datafield ind1="7" ind2="4" tag="082">
      <subfield code="q">DE-101</subfield>
      <subfield code="2">22sdnb</subfield>
    </datafield>
    <datafield ind1=" " ind2=" " tag="084">
      <subfield code="a">09a</subfield>
      <subfield code="a">K</subfield>
      <subfield code="q">DE-101</subfield>
      <subfield code="2">sdnb</subfield>
    </datafield>
    <datafield ind1="1" ind2=" " tag="100">
      <subfield code="0">(DE-588)118528068</subfield>
      <subfield code="0">(DE-101)118528068</subfield>
      <subfield code="a">Dumas, Alexandre</subfield>
      <subfield code="d">1802-1870</subfield>
      <subfield code="4">aut</subfield>
    </datafield>
    <datafield ind1="1" ind2="0" tag="245">
      <subfield code="a">Die 3 [drei] Musketiere</subfield>
      <subfield code="c">Alexandre Dumas. [Für d. Jugend neu bearb. von Brigitte Helmstaedt]</subfield>
    </datafield>
    <datafield ind1="3" ind2=" " tag="260">
      <subfield code="a">Balve (Westf.)</subfield>
      <subfield code="b">Engelbert-Verlag</subfield>
    </datafield>
    <datafield ind1=" " ind2=" " tag="300">
      <subfield code="c">21 cm</subfield>
    </datafield>
    <datafield ind1="0" ind2=" " tag="490">
      <subfield code="a">peb-Bücherei</subfield>
    </datafield>
    <datafield ind1="0" ind2=" " tag="730">
      <subfield code="a">Les trois mousquetaires</subfield>
      <subfield code="g">dt.</subfield>
    </datafield>
  </record>