
  <record>
    <leader>00989nam a2200289 ca4500</leader>
    <controlfield tag="001">550639284</controlfield>
    <controlfield tag="003">DE-101</controlfield>
    <controlfield tag="005">20110518111525.0</controlfield>
    <controlfield tag="007">tu</controlfield>
    <controlfield tag="008">821012s        gw |||||r|||| 00|||||||  </controlfield>
    <datafield ind1="7" ind2=" " tag="016">
      <subfield code="2">DE-101</subfield>
      <subfield code="a">550639284</subfield>
    </datafield>
    <datafield ind1=" " ind2=" " tag="035">
      <subfield code="a">(DE-599)DNB550639284</subfield>
    </datafield>
    <datafield ind1=" " ind2=" " tag="035">
      <subfield code="a">(OCoLC)714188379</subfield>
    </datafield>
    <datafield ind1=" " ind2=" " tag="040">
      <subfield code="a">1200</subfield>
      <subfield code="b">ger</subfield>
      <subfield code="c">DE-101</subfield>
      <subfield code="d">9999</subfield>
    </datafield>
    <datafield ind1=" " ind2=" " tag="044">
      <subfield code="c">XA-DE</subfield>
    </datafield>
    <datafield ind1="7" ind2="4" tag="082">
      <subfield code="q">DE-101</subfield>
      <subfield code="2">22sdnb</subfield>
    </datafield>
    <datafield ind1=" " ind2=" " tag="084">
      <subfield code="a">52</subfield>
      <subfield code="a">420</subfield>
      <subfield code="a">810</subfield>
      <subfield code="a">820</subfield>
      <subfield code="q">DE-101</subfield>
      <subfield code="2">sdnb</subfield>
    </datafield>
    <datafield ind1="0" ind2=" " tag="130">
      <subfield code="a">Beowulf</subfield>
    </datafield>
    <datafield ind1="1" ind2="0" tag="245">
      <subfield code="a">Beowulf und die kleineren Denkmäler der altenglischen Heldensage Waldere und Finnsburg</subfield>
      <subfield code="b">mit Text u. Übers., Einl. u. Kommentar sowie e. Konkordanz-Glossar ; in 3 Teilen</subfield>
      <subfield code="c">hrsg. von Gerhard Nickel</subfield>
    </datafield>
    <datafield ind1="3" ind2=" " tag="260">
      <subfield code="a">Heidelberg</subfield>
      <subfield code="b">Winter</subfield>
    </datafield>
    <datafield ind1=" " ind2=" " tag="300">
      <subfield code="c">20 cm</subfield>
    </datafield>
    <datafield ind1="0" ind2=" " tag="490">
      <subfield code="a">Germanische Bibliothek : Reihe 4, Texte</subfield>
    </datafield>
    <datafield ind1=" " ind2=" " tag="500">
      <subfield code="a">Literaturangaben</subfield>
    </datafield>
    <datafield ind1="1" ind2="7" tag="600">
      <subfield code="2">local</subfield>
      <subfield code="a">Beowulf</subfield>
    </datafield>
    <datafield ind1=" " ind2="7" tag="650">
      <subfield code="2">local</subfield>
      <subfield code="a">Angelsachsen</subfield>
    </datafield>
    <datafield ind1=" " ind2="7" tag="650">
      <subfield code="2">local</subfield>
      <subfield code="a">Mittelalter</subfield>
      <subfield code="x">Literatur</subfield>
    </datafield>
    <datafield ind1="1" ind2=" " tag="700">
      <subfield code="0">(DE-588)104879203</subfield>
      <subfield code="0">(DE-101)104879203</subfield>
      <subfield code="a">Nickel, Gerhard</subfield>
      <subfield code="4">edt</subfield>
      <subfield code="e">Hrsg.</subfield>
    </datafield>
  </record>