
  <record>
    <leader>00630nam a2200205 ca4500</leader>
    <controlfield tag="001">560008252</controlfield>
    <controlfield tag="003">DE-101</controlfield>
    <controlfield tag="005">20110513103705.0</controlfield>
    <controlfield tag="007">tu</controlfield>
    <controlfield tag="008">020627s        gw |||||r|||| 00|||||||  </controlfield>
    <datafield ind1="7" ind2=" " tag="016">
      <subfield code="2">DE-101</subfield>
      <subfield code="a">560008252</subfield>
    </datafield>
    <datafield ind1=" " ind2=" " tag="035">
      <subfield code="a">(DE-599)DNB560008252</subfield>
    </datafield>
    <datafield ind1=" " ind2=" " tag="035">
      <subfield code="a">(OCoLC)72505775</subfield>
    </datafield>
    <datafield ind1=" " ind2=" " tag="040">
      <subfield code="a">9999</subfield>
      <subfield code="b">ger</subfield>
      <subfield code="c">DE-101</subfield>
      <subfield code="d">9999</subfield>
    </datafield>
    <datafield ind1=" " ind2=" " tag="044">
      <subfield code="c">XA-DE</subfield>
    </datafield>
    <datafield ind1="1" ind2="0" tag="245">
      <subfield code="a">Beowulf nebst den kleineren Denkmälern der Heldensage</subfield>
      <subfield code="b">Mit Einl., Glossar u. Anm.</subfield>
      <subfield code="c">hrsg. von F. Holthausen</subfield>
    </datafield>
    <datafield ind1=" " ind2=" " tag="250">
      <subfield code="a">4. verb. Aufl.</subfield>
    </datafield>
    <datafield ind1="3" ind2=" " tag="260">
      <subfield code="a">Heidelberg</subfield>
      <subfield code="b">Winter</subfield>
    </datafield>
    <datafield ind1=" " ind2=" " tag="300">
      <subfield code="c">8</subfield>
    </datafield>
    <datafield ind1="1" ind2=" " tag="700">
      <subfield code="0">(DE-588)116969520</subfield>
      <subfield code="0">(DE-101)116969520</subfield>
      <subfield code="a">Holthausen, Ferdinand</subfield>
      <subfield code="d">1860-1956</subfield>
      <subfield code="4">cre</subfield>
    </datafield>
  </record>