
  <record>
    <leader>00648nam a2200205 ca4500</leader>
    <controlfield tag="001">560008287</controlfield>
    <controlfield tag="003">DE-101</controlfield>
    <controlfield tag="005">20110513103705.0</controlfield>
    <controlfield tag="007">tu</controlfield>
    <controlfield tag="008">020627s        gw |||||r|||| 00|||||||  </controlfield>
    <datafield ind1="7" ind2=" " tag="016">
      <subfield code="2">DE-101</subfield>
      <subfield code="a">560008287</subfield>
    </datafield>
    <datafield ind1=" " ind2=" " tag="035">
      <subfield code="a">(DE-599)DNB560008287</subfield>
    </datafield>
    <datafield ind1=" " ind2=" " tag="035">
      <subfield code="a">(OCoLC)73465563</subfield>
    </datafield>
    <datafield ind1=" " ind2=" " tag="040">
      <subfield code="a">9999</subfield>
      <subfield code="b">ger</subfield>
      <subfield code="c">DE-101</subfield>
      <subfield code="d">9999</subfield>
    </datafield>
    <datafield ind1=" " ind2=" " tag="044">
      <subfield code="c">XA-DE</subfield>
    </datafield>
    <datafield ind1="1" ind2="0" tag="245">
      <subfield code="a">Heyne-Schückings's Beowulf</subfield>
    </datafield>
    <datafield ind1=" " ind2=" " tag="250">
      <subfield code="a">15. Aufl.</subfield>
      <subfield code="b"> / vollkommen umgearb. v. Else von Schaubert</subfield>
    </datafield>
    <datafield ind1="3" ind2=" " tag="260">
      <subfield code="a">Paderborn</subfield>
      <subfield code="b">Schöningh.</subfield>
      <subfield code="a">Wien</subfield>
      <subfield code="b">F. Beck</subfield>
      <subfield code="a">Zürich</subfield>
      <subfield code="b">B. Götschmann</subfield>
    </datafield>
    <datafield ind1=" " ind2=" " tag="300">
      <subfield code="c">8</subfield>
    </datafield>
    <datafield ind1="1" ind2=" " tag="700">
      <subfield code="0">(DE-588)123774837</subfield>
      <subfield code="0">(DE-101)123774837</subfield>
      <subfield code="a">Schaubert, Else von</subfield>
      <subfield code="d">1886-1977</subfield>
      <subfield code="4">cre</subfield>
    </datafield>
  </record>