
  <record>
    <leader>00692nam a2200229 c 4500</leader>
    <controlfield tag="001">570042607</controlfield>
    <controlfield tag="003">DE-101</controlfield>
    <controlfield tag="005">20040310123147.0</controlfield>
    <controlfield tag="007">tu</controlfield>
    <controlfield tag="008">010406s1933    gw |||||r|||| 00||||ger  </controlfield>
    <datafield ind1=" " ind2=" " tag="015">
      <subfield code="a">00,L01</subfield>
      <subfield code="2">dnb</subfield>
    </datafield>
    <datafield ind1="7" ind2=" " tag="016">
      <subfield code="2">DE-101</subfield>
      <subfield code="a">570042607</subfield>
    </datafield>
    <datafield ind1=" " ind2=" " tag="035">
      <subfield code="a">(DE-599)DNB570042607</subfield>
    </datafield>
    <datafield ind1=" " ind2=" " tag="035">
      <subfield code="a">(OCoLC)52668222</subfield>
    </datafield>
    <datafield ind1=" " ind2=" " tag="040">
      <subfield code="a">9999</subfield>
      <subfield code="b">ger</subfield>
      <subfield code="c">DE-101</subfield>
      <subfield code="d">9999</subfield>
    </datafield>
    <datafield ind1=" " ind2=" " tag="041">
      <subfield code="a">ger</subfield>
    </datafield>
    <datafield ind1=" " ind2=" " tag="044">
      <subfield code="c">XA-DE</subfield>
    </datafield>
    <datafield ind1="1" ind2=" " tag="100">
      <subfield code="0">(DE-588)125331649</subfield>
      <subfield code="0">(DE-101)125331649</subfield>
      <subfield code="a">Burghardt, Artur</subfield>
      <subfield code="4">aut</subfield>
    </datafield>
    <datafield ind1="1" ind2="0" tag="245">
      <subfield code="a">Die Bedeutung der Persönlichkeit in der kapitalistischen Wirtschaft und im System des marxistischen Sozialismus</subfield>
    </datafield>
    <datafield ind1="3" ind2=" " tag="260">
      <subfield code="a">Dresden-A.</subfield>
      <subfield code="b">Zetzsche</subfield>
      <subfield code="c">1933</subfield>
    </datafield>
    <datafield ind1=" " ind2=" " tag="300">
      <subfield code="a">63 S.</subfield>
      <subfield code="c">8</subfield>
    </datafield>
    <datafield ind1=" " ind2=" " tag="502">
      <subfield code="a">Dresden, TeH., Diss.</subfield>
    </datafield>
  </record>