
  <record>
    <leader>00749nam a2200229 c 4500</leader>
    <controlfield tag="001">570373522</controlfield>
    <controlfield tag="003">DE-101</controlfield>
    <controlfield tag="005">20040310133623.0</controlfield>
    <controlfield tag="007">tu</controlfield>
    <controlfield tag="008">010407s1938    gw |||||r|||| 00||||ger  </controlfield>
    <datafield ind1=" " ind2=" " tag="015">
      <subfield code="a">00,L01</subfield>
      <subfield code="2">dnb</subfield>
    </datafield>
    <datafield ind1="7" ind2=" " tag="016">
      <subfield code="2">DE-101</subfield>
      <subfield code="a">570373522</subfield>
    </datafield>
    <datafield ind1=" " ind2=" " tag="035">
      <subfield code="a">(DE-599)DNB570373522</subfield>
    </datafield>
    <datafield ind1=" " ind2=" " tag="035">
      <subfield code="a">(OCoLC)720843086</subfield>
    </datafield>
    <datafield ind1=" " ind2=" " tag="040">
      <subfield code="a">9999</subfield>
      <subfield code="b">ger</subfield>
      <subfield code="c">DE-101</subfield>
      <subfield code="d">9999</subfield>
    </datafield>
    <datafield ind1=" " ind2=" " tag="041">
      <subfield code="a">ger</subfield>
    </datafield>
    <datafield ind1=" " ind2=" " tag="044">
      <subfield code="c">XA-DE</subfield>
    </datafield>
    <datafield ind1="1" ind2=" " tag="100">
      <subfield code="0">(DE-588)102194572</subfield>
      <subfield code="0">(DE-101)102194572</subfield>
      <subfield code="a">Hoch, Hans</subfield>
      <subfield code="4">aut</subfield>
    </datafield>
    <datafield ind1="1" ind2="0" tag="245">
      <subfield code="a">Die Bedeutung der Persönlichkeit und der persönlichen Verantwortung in der Wirtschaft und die steuerpolitischen Maßnahmen der Hitlerregierung zu ihrer Förderung</subfield>
    </datafield>
    <datafield ind1="3" ind2=" " tag="260">
      <subfield code="a">Bonn</subfield>
      <subfield code="b">[s.n.]</subfield>
      <subfield code="c">1938</subfield>
    </datafield>
    <datafield ind1=" " ind2=" " tag="300">
      <subfield code="a">88 S.</subfield>
      <subfield code="c">8</subfield>
    </datafield>
    <datafield ind1=" " ind2=" " tag="502">
      <subfield code="a">Bonn, R.- u. staatswiss. Diss., 1938</subfield>
    </datafield>
  </record>