
  <record>
    <leader>00740nam a2200229 c 4500</leader>
    <controlfield tag="001">571546714</controlfield>
    <controlfield tag="003">DE-101</controlfield>
    <controlfield tag="005">20040311151040.0</controlfield>
    <controlfield tag="007">tu</controlfield>
    <controlfield tag="008">010703s1913    gw |||||r|||| 00||||ger  </controlfield>
    <datafield ind1=" " ind2=" " tag="015">
      <subfield code="a">00,L01</subfield>
      <subfield code="2">dnb</subfield>
    </datafield>
    <datafield ind1="7" ind2=" " tag="016">
      <subfield code="2">DE-101</subfield>
      <subfield code="a">571546714</subfield>
    </datafield>
    <datafield ind1=" " ind2=" " tag="035">
      <subfield code="a">(DE-599)DNB571546714</subfield>
    </datafield>
    <datafield ind1=" " ind2=" " tag="035">
      <subfield code="a">(OCoLC)313400483</subfield>
    </datafield>
    <datafield ind1=" " ind2=" " tag="040">
      <subfield code="a">9999</subfield>
      <subfield code="b">ger</subfield>
      <subfield code="c">DE-101</subfield>
      <subfield code="d">9999</subfield>
    </datafield>
    <datafield ind1=" " ind2=" " tag="041">
      <subfield code="a">ger</subfield>
    </datafield>
    <datafield ind1=" " ind2=" " tag="044">
      <subfield code="c">XA-DE</subfield>
    </datafield>
    <datafield ind1="1" ind2=" " tag="100">
      <subfield code="0">(DE-588)100552889</subfield>
      <subfield code="0">(DE-101)100552889</subfield>
      <subfield code="a">Seiffert, Friedrich</subfield>
      <subfield code="4">aut</subfield>
    </datafield>
    <datafield ind1="1" ind2="0" tag="245">
      <subfield code="a">Die Behandlung der Wörter mit auslautenden ursprünglich silbischen Liquiden oder Nasalen und mit Kontraktionsvokalen in der Genesis A und im Beowulf</subfield>
    </datafield>
    <datafield ind1="3" ind2=" " tag="260">
      <subfield code="a">Halle (Saale)</subfield>
      <subfield code="b">[s.n.]</subfield>
      <subfield code="c">1913</subfield>
    </datafield>
    <datafield ind1=" " ind2=" " tag="300">
      <subfield code="a">56 S.</subfield>
      <subfield code="c">8</subfield>
    </datafield>
    <datafield ind1=" " ind2=" " tag="502">
      <subfield code="a">Halle, Phil. Diss., 1913</subfield>
    </datafield>
  </record>