
  <record>
    <leader>00882nam a2200253 c 4500</leader>
    <controlfield tag="001">572236921</controlfield>
    <controlfield tag="003">DE-101</controlfield>
    <controlfield tag="005">20130322082149.0</controlfield>
    <controlfield tag="007">tu</controlfield>
    <controlfield tag="008">011027s1935    gw |||||r|||| 00||||ger  </controlfield>
    <datafield ind1=" " ind2=" " tag="015">
      <subfield code="a">00,L01</subfield>
      <subfield code="2">dnb</subfield>
    </datafield>
    <datafield ind1="7" ind2=" " tag="016">
      <subfield code="2">DE-101</subfield>
      <subfield code="a">572236921</subfield>
    </datafield>
    <datafield ind1=" " ind2=" " tag="020">
      <subfield code="c">brosch. : Kr. 15.-</subfield>
    </datafield>
    <datafield ind1=" " ind2=" " tag="035">
      <subfield code="a">(DE-599)DNB572236921</subfield>
    </datafield>
    <datafield ind1=" " ind2=" " tag="035">
      <subfield code="a">(OCoLC)250142064</subfield>
    </datafield>
    <datafield ind1=" " ind2=" " tag="040">
      <subfield code="a">9999</subfield>
      <subfield code="b">ger</subfield>
      <subfield code="c">DE-101</subfield>
      <subfield code="d">1120</subfield>
    </datafield>
    <datafield ind1=" " ind2=" " tag="041">
      <subfield code="a">ger</subfield>
    </datafield>
    <datafield ind1=" " ind2=" " tag="044">
      <subfield code="c">XA-DE</subfield>
    </datafield>
    <datafield ind1="1" ind2=" " tag="100">
      <subfield code="0">(DE-588)118509284</subfield>
      <subfield code="0">(DE-101)118509284</subfield>
      <subfield code="a">Berendsohn, Walter A.</subfield>
      <subfield code="d">1884-1984</subfield>
      <subfield code="4">aut</subfield>
    </datafield>
    <datafield ind1="1" ind2="0" tag="245">
      <subfield code="a">Zur Vorgeschichte des "Beowulf"</subfield>
      <subfield code="c">Walter A. Berendsohn. Mit e. Vorw. von Otto Jespersen</subfield>
    </datafield>
    <datafield ind1="3" ind2=" " tag="260">
      <subfield code="a">Kopenhagen</subfield>
      <subfield code="b">Levin &amp; Munksgaard</subfield>
      <subfield code="c">1935</subfield>
    </datafield>
    <datafield ind1=" " ind2=" " tag="300">
      <subfield code="a">302 S.</subfield>
      <subfield code="c">24 cm</subfield>
    </datafield>
    <datafield ind1="1" ind2=" " tag="700">
      <subfield code="0">(DE-588)118776169</subfield>
      <subfield code="0">(DE-101)118776169</subfield>
      <subfield code="a">Jespersen, Otto</subfield>
      <subfield code="d">1860-1943</subfield>
      <subfield code="4">cre</subfield>
    </datafield>
    <datafield ind1="0" ind2="8" tag="775">
      <subfield code="i">Online-Ausg.</subfield>
      <subfield code="a">Berendsohn, Walter A.</subfield>
      <subfield code="t">Zur Vorgeschichte des "Beowulf"</subfield>
      <subfield code="w">(DE-101)1032783737</subfield>
    </datafield>
  </record>