
  <record>
    <leader>00647nam a2200229 c 4500</leader>
    <controlfield tag="001">572238452</controlfield>
    <controlfield tag="003">DE-101</controlfield>
    <controlfield tag="005">20040311223545.0</controlfield>
    <controlfield tag="007">tu</controlfield>
    <controlfield tag="008">011027s1924    gw |||||r|||| 00||||ger  </controlfield>
    <datafield ind1=" " ind2=" " tag="015">
      <subfield code="a">00,L01</subfield>
      <subfield code="2">dnb</subfield>
    </datafield>
    <datafield ind1="7" ind2=" " tag="016">
      <subfield code="2">DE-101</subfield>
      <subfield code="a">572238452</subfield>
    </datafield>
    <datafield ind1=" " ind2=" " tag="020">
      <subfield code="c">3.60</subfield>
    </datafield>
    <datafield ind1=" " ind2=" " tag="035">
      <subfield code="a">(DE-599)DNB572238452</subfield>
    </datafield>
    <datafield ind1=" " ind2=" " tag="035">
      <subfield code="a">(OCoLC)230744573</subfield>
    </datafield>
    <datafield ind1=" " ind2=" " tag="040">
      <subfield code="a">9999</subfield>
      <subfield code="b">ger</subfield>
      <subfield code="c">DE-101</subfield>
      <subfield code="d">9999</subfield>
    </datafield>
    <datafield ind1=" " ind2=" " tag="041">
      <subfield code="a">ger</subfield>
    </datafield>
    <datafield ind1=" " ind2=" " tag="044">
      <subfield code="c">XA-DE</subfield>
    </datafield>
    <datafield ind1="1" ind2=" " tag="100">
      <subfield code="0">(DE-588)104758953</subfield>
      <subfield code="0">(DE-101)104758953</subfield>
      <subfield code="a">Berg, Hans</subfield>
      <subfield code="4">aut</subfield>
    </datafield>
    <datafield ind1="1" ind2="0" tag="245">
      <subfield code="a">Aluminium und Al.-Legierungen</subfield>
      <subfield code="b">Ihre Werte f. Technik u. Wirtschaft</subfield>
      <subfield code="c">Hans Berg</subfield>
    </datafield>
    <datafield ind1="3" ind2=" " tag="260">
      <subfield code="a">Frankfurt a. M.</subfield>
      <subfield code="b">H. Bechhold</subfield>
      <subfield code="c">1924</subfield>
    </datafield>
    <datafield ind1=" " ind2=" " tag="300">
      <subfield code="a">IV, 81 S.</subfield>
      <subfield code="c">8</subfield>
    </datafield>
  </record>