
  <record>
    <leader>00874nam a2200241 c 4500</leader>
    <controlfield tag="001">572310560</controlfield>
    <controlfield tag="003">DE-101</controlfield>
    <controlfield tag="005">20040311224740.0</controlfield>
    <controlfield tag="007">tu</controlfield>
    <controlfield tag="008">011027s1927    gw |||||r|||| 00||||ger  </controlfield>
    <datafield ind1=" " ind2=" " tag="015">
      <subfield code="a">00,L01</subfield>
      <subfield code="2">dnb</subfield>
    </datafield>
    <datafield ind1="7" ind2=" " tag="016">
      <subfield code="2">DE-101</subfield>
      <subfield code="a">572310560</subfield>
    </datafield>
    <datafield ind1=" " ind2=" " tag="020">
      <subfield code="c">n.n.n. : -.50</subfield>
    </datafield>
    <datafield ind1=" " ind2=" " tag="035">
      <subfield code="a">(DE-599)DNB572310560</subfield>
    </datafield>
    <datafield ind1=" " ind2=" " tag="035">
      <subfield code="a">(OCoLC)72029859</subfield>
    </datafield>
    <datafield ind1=" " ind2=" " tag="040">
      <subfield code="a">9999</subfield>
      <subfield code="b">ger</subfield>
      <subfield code="c">DE-101</subfield>
      <subfield code="d">9999</subfield>
    </datafield>
    <datafield ind1=" " ind2=" " tag="041">
      <subfield code="a">ger</subfield>
    </datafield>
    <datafield ind1=" " ind2=" " tag="044">
      <subfield code="c">XA-DE</subfield>
    </datafield>
    <datafield ind1="1" ind2=" " tag="100">
      <subfield code="0">(DE-588)119031116</subfield>
      <subfield code="0">(DE-101)119031116</subfield>
      <subfield code="a">Busch, Paula</subfield>
      <subfield code="d">1894-1973</subfield>
      <subfield code="4">aut</subfield>
    </datafield>
    <datafield ind1="1" ind2="0" tag="245">
      <subfield code="a">Ben Hur</subfield>
      <subfield code="b">Das gewaltigste Manegeschausp. aller Zeiten aus d. Tagen d. Messias ; Unter freier Benutzg d. weltberühmten Romans von Levis Wallace</subfield>
      <subfield code="c">Paula Busch ; Adolf Steinmann. Circus Busch</subfield>
    </datafield>
    <datafield ind1="3" ind2=" " tag="260">
      <subfield code="a">Circus Busch, Berlin</subfield>
      <subfield code="b">P. Speier &amp; Co.</subfield>
      <subfield code="c">1927, ([1927])</subfield>
    </datafield>
    <datafield ind1=" " ind2=" " tag="300">
      <subfield code="a">36 S.</subfield>
      <subfield code="c">gr. 8</subfield>
    </datafield>
    <datafield ind1="1" ind2=" " tag="700">
      <subfield code="0">(DE-588)125946422</subfield>
      <subfield code="0">(DE-101)125946422</subfield>
      <subfield code="a">Steinmann, Adolf</subfield>
      <subfield code="4">aut</subfield>
    </datafield>
  </record>