
  <record>
    <leader>00696nam a2200229 c 4500</leader>
    <controlfield tag="001">57242759X</controlfield>
    <controlfield tag="003">DE-101</controlfield>
    <controlfield tag="005">20040311230715.0</controlfield>
    <controlfield tag="007">tu</controlfield>
    <controlfield tag="008">011030s1948    gw |||||r|||| 00||||ger  </controlfield>
    <datafield ind1=" " ind2=" " tag="015">
      <subfield code="a">00,L01</subfield>
      <subfield code="2">dnb</subfield>
    </datafield>
    <datafield ind1="7" ind2=" " tag="016">
      <subfield code="2">DE-101</subfield>
      <subfield code="a">57242759X</subfield>
    </datafield>
    <datafield ind1=" " ind2=" " tag="020">
      <subfield code="c">-.20</subfield>
    </datafield>
    <datafield ind1=" " ind2=" " tag="035">
      <subfield code="a">(DE-599)DNB57242759X</subfield>
    </datafield>
    <datafield ind1=" " ind2=" " tag="035">
      <subfield code="a">(OCoLC)72060776</subfield>
    </datafield>
    <datafield ind1=" " ind2=" " tag="040">
      <subfield code="a">9999</subfield>
      <subfield code="b">ger</subfield>
      <subfield code="c">DE-101</subfield>
      <subfield code="d">9999</subfield>
    </datafield>
    <datafield ind1=" " ind2=" " tag="041">
      <subfield code="a">ger</subfield>
    </datafield>
    <datafield ind1=" " ind2=" " tag="044">
      <subfield code="c">XA-DE</subfield>
    </datafield>
    <datafield ind1="1" ind2=" " tag="100">
      <subfield code="0">(DE-588)107803208</subfield>
      <subfield code="0">(DE-101)107803208</subfield>
      <subfield code="a">Blessing, Oskar Michael</subfield>
      <subfield code="4">aut</subfield>
    </datafield>
    <datafield ind1="1" ind2="0" tag="245">
      <subfield code="a">Draußen - vor der Tür</subfield>
      <subfield code="c">Oskar Michael Blessing</subfield>
    </datafield>
    <datafield ind1="3" ind2=" " tag="260">
      <subfield code="a">[Stuttgart-] Feuerbach, Stuttgarter-Str. 123</subfield>
      <subfield code="b">Kriegsopfer-Selbsthilfe-Verl.</subfield>
      <subfield code="c">1948, [19]48</subfield>
    </datafield>
    <datafield ind1=" " ind2=" " tag="300">
      <subfield code="a">2 Bl.</subfield>
      <subfield code="b">mit Abb.</subfield>
      <subfield code="c">8 [Kopft.]</subfield>
    </datafield>
  </record>