
  <record>
    <leader>00777nam a2200241 c 4500</leader>
    <controlfield tag="001">572685734</controlfield>
    <controlfield tag="003">DE-101</controlfield>
    <controlfield tag="005">20040311235146.0</controlfield>
    <controlfield tag="007">tu</controlfield>
    <controlfield tag="008">011030s1928    gw |||||r|||| 00||||ger  </controlfield>
    <datafield ind1=" " ind2=" " tag="015">
      <subfield code="a">00,L01</subfield>
      <subfield code="2">dnb</subfield>
    </datafield>
    <datafield ind1="7" ind2=" " tag="016">
      <subfield code="2">DE-101</subfield>
      <subfield code="a">572685734</subfield>
    </datafield>
    <datafield ind1=" " ind2=" " tag="020">
      <subfield code="c">Lw. : nn 4.20</subfield>
    </datafield>
    <datafield ind1=" " ind2=" " tag="035">
      <subfield code="a">(DE-599)DNB572685734</subfield>
    </datafield>
    <datafield ind1=" " ind2=" " tag="035">
      <subfield code="a">(OCoLC)72110854</subfield>
    </datafield>
    <datafield ind1=" " ind2=" " tag="040">
      <subfield code="a">9999</subfield>
      <subfield code="b">ger</subfield>
      <subfield code="c">DE-101</subfield>
      <subfield code="d">9999</subfield>
    </datafield>
    <datafield ind1=" " ind2=" " tag="041">
      <subfield code="a">ger</subfield>
    </datafield>
    <datafield ind1=" " ind2=" " tag="044">
      <subfield code="c">XA-DE</subfield>
    </datafield>
    <datafield ind1="1" ind2=" " tag="100">
      <subfield code="0">(DE-588)126187398</subfield>
      <subfield code="0">(DE-101)126187398</subfield>
      <subfield code="a">Delmer, Frederic Sefton</subfield>
      <subfield code="4">aut</subfield>
    </datafield>
    <datafield ind1="1" ind2="0" tag="245">
      <subfield code="a">Englisch Literature from "Beowulf" to Bernard Shaw</subfield>
      <subfield code="b">For the use of schools, seminaries and private students</subfield>
      <subfield code="c">F. Sefton Delmer</subfield>
    </datafield>
    <datafield ind1=" " ind2=" " tag="250">
      <subfield code="a">16. ed., rev., enlarged and brought up to date</subfield>
    </datafield>
    <datafield ind1="3" ind2=" " tag="260">
      <subfield code="a">Berlin</subfield>
      <subfield code="b">Weidmannsche Buchh.</subfield>
      <subfield code="c">1928</subfield>
    </datafield>
    <datafield ind1=" " ind2=" " tag="300">
      <subfield code="a">VIII, 268 S.</subfield>
      <subfield code="c">8</subfield>
    </datafield>
  </record>