
  <record>
    <leader>00715nam a2200241 c 4500</leader>
    <controlfield tag="001">57276183X</controlfield>
    <controlfield tag="003">DE-101</controlfield>
    <controlfield tag="005">20040323233049.0</controlfield>
    <controlfield tag="007">tu</controlfield>
    <controlfield tag="008">011031s1929    gw |||||r|||| 00||||ger  </controlfield>
    <datafield ind1=" " ind2=" " tag="015">
      <subfield code="a">00,L01</subfield>
      <subfield code="2">dnb</subfield>
    </datafield>
    <datafield ind1="7" ind2=" " tag="016">
      <subfield code="2">DE-101</subfield>
      <subfield code="a">57276183X</subfield>
    </datafield>
    <datafield ind1=" " ind2=" " tag="020">
      <subfield code="c">2.50</subfield>
    </datafield>
    <datafield ind1=" " ind2=" " tag="035">
      <subfield code="a">(DE-599)DNB57276183X</subfield>
    </datafield>
    <datafield ind1=" " ind2=" " tag="035">
      <subfield code="a">(OCoLC)250140468</subfield>
    </datafield>
    <datafield ind1=" " ind2=" " tag="040">
      <subfield code="a">9999</subfield>
      <subfield code="b">ger</subfield>
      <subfield code="c">DE-101</subfield>
      <subfield code="d">9999</subfield>
    </datafield>
    <datafield ind1=" " ind2=" " tag="041">
      <subfield code="a">ger</subfield>
    </datafield>
    <datafield ind1=" " ind2=" " tag="044">
      <subfield code="c">XA-DE</subfield>
    </datafield>
    <datafield ind1="1" ind2="0" tag="245">
      <subfield code="a">Beowulf nebst dem Finnsburg-Bruchstück</subfield>
      <subfield code="c">Übers. u. erl. von Hugo Gering</subfield>
    </datafield>
    <datafield ind1=" " ind2=" " tag="250">
      <subfield code="a">2. durchges. Aufl. Manuldr., 2. Abdr.</subfield>
    </datafield>
    <datafield ind1="3" ind2=" " tag="260">
      <subfield code="a">Heidelberg</subfield>
      <subfield code="b">Carl Winter [Verl.]</subfield>
      <subfield code="c">1929</subfield>
    </datafield>
    <datafield ind1=" " ind2=" " tag="300">
      <subfield code="a">XV, 123 S.</subfield>
      <subfield code="c">8</subfield>
    </datafield>
    <datafield ind1="1" ind2=" " tag="700">
      <subfield code="0">(DE-588)116572566</subfield>
      <subfield code="0">(DE-101)116572566</subfield>
      <subfield code="a">Gering, Hugo</subfield>
      <subfield code="d">1847-1925</subfield>
      <subfield code="4">cre</subfield>
    </datafield>
  </record>