
  <record>
    <leader>00622nam a2200229 c 4500</leader>
    <controlfield tag="001">572865155</controlfield>
    <controlfield tag="003">DE-101</controlfield>
    <controlfield tag="005">20120905003450.0</controlfield>
    <controlfield tag="007">tu</controlfield>
    <controlfield tag="008">011031s1941    gw |||||r|||| 00||||ger  </controlfield>
    <datafield ind1=" " ind2=" " tag="015">
      <subfield code="a">00,L01</subfield>
      <subfield code="2">dnb</subfield>
    </datafield>
    <datafield ind1="7" ind2=" " tag="016">
      <subfield code="2">DE-101</subfield>
      <subfield code="a">572865155</subfield>
    </datafield>
    <datafield ind1=" " ind2=" " tag="020">
      <subfield code="c">Lw. : 4.50</subfield>
    </datafield>
    <datafield ind1=" " ind2=" " tag="035">
      <subfield code="a">(DE-599)DNB572865155</subfield>
    </datafield>
    <datafield ind1=" " ind2=" " tag="035">
      <subfield code="a">(OCoLC)721014561</subfield>
    </datafield>
    <datafield ind1=" " ind2=" " tag="040">
      <subfield code="a">9999</subfield>
      <subfield code="b">ger</subfield>
      <subfield code="c">DE-101</subfield>
      <subfield code="d">9999</subfield>
    </datafield>
    <datafield ind1=" " ind2=" " tag="041">
      <subfield code="a">ger</subfield>
    </datafield>
    <datafield ind1=" " ind2=" " tag="044">
      <subfield code="c">XA-DE</subfield>
    </datafield>
    <datafield ind1="1" ind2=" " tag="100">
      <subfield code="0">(DE-588)116116331</subfield>
      <subfield code="0">(DE-101)116116331</subfield>
      <subfield code="a">Diettrich, Fritz</subfield>
      <subfield code="d">1902-1964</subfield>
      <subfield code="4">aut</subfield>
    </datafield>
    <datafield ind1="1" ind2="0" tag="245">
      <subfield code="a">Zwei deutsche Spiele</subfield>
      <subfield code="c">Fritz Diettrich</subfield>
    </datafield>
    <datafield ind1="3" ind2=" " tag="260">
      <subfield code="a">Kassel</subfield>
      <subfield code="b">Bärenreiter-Verl.</subfield>
      <subfield code="c">1941</subfield>
    </datafield>
    <datafield ind1=" " ind2=" " tag="300">
      <subfield code="a">153 S.</subfield>
      <subfield code="c">8</subfield>
    </datafield>
  </record>