
  <record>
    <leader>01032nam a2200277 c 4500</leader>
    <controlfield tag="001">572903294</controlfield>
    <controlfield tag="003">DE-101</controlfield>
    <controlfield tag="005">20040928233843.0</controlfield>
    <controlfield tag="007">tu</controlfield>
    <controlfield tag="008">011031s1932    gw |||||r|||| 00||||ger  </controlfield>
    <datafield ind1=" " ind2=" " tag="015">
      <subfield code="a">00,L01</subfield>
      <subfield code="2">dnb</subfield>
    </datafield>
    <datafield ind1="7" ind2=" " tag="016">
      <subfield code="2">DE-101</subfield>
      <subfield code="a">572903294</subfield>
    </datafield>
    <datafield ind1=" " ind2=" " tag="020">
      <subfield code="c">Lw. : 6.75</subfield>
    </datafield>
    <datafield ind1=" " ind2=" " tag="035">
      <subfield code="a">(DE-599)DNB572903294</subfield>
    </datafield>
    <datafield ind1=" " ind2=" " tag="035">
      <subfield code="a">(OCoLC)721023971</subfield>
    </datafield>
    <datafield ind1=" " ind2=" " tag="040">
      <subfield code="a">9999</subfield>
      <subfield code="b">ger</subfield>
      <subfield code="c">DE-101</subfield>
      <subfield code="d">9999</subfield>
    </datafield>
    <datafield ind1=" " ind2=" " tag="041">
      <subfield code="a">ger</subfield>
    </datafield>
    <datafield ind1=" " ind2=" " tag="044">
      <subfield code="c">XA-DE</subfield>
    </datafield>
    <datafield ind1="1" ind2=" " tag="100">
      <subfield code="0">(DE-588)116187255</subfield>
      <subfield code="0">(DE-101)116187255</subfield>
      <subfield code="a">Dornblüth, Otto</subfield>
      <subfield code="d">1860-1922</subfield>
      <subfield code="4">aut</subfield>
    </datafield>
    <datafield ind1="1" ind2="0" tag="245">
      <subfield code="a">Klinisches Wörterbuch</subfield>
      <subfield code="b">Die Kunstausdrücke d. Medizin</subfield>
      <subfield code="c">Otto Dornblüth. Neu durchges. u. erg. von Wilibald Pschyrembel</subfield>
    </datafield>
    <datafield ind1=" " ind2=" " tag="250">
      <subfield code="a">19. u. 20. Aufl.</subfield>
      <subfield code="b"> / in d. Bearb. von Emil Bannwarth</subfield>
    </datafield>
    <datafield ind1="3" ind2=" " tag="260">
      <subfield code="a">Berlin</subfield>
      <subfield code="a">Leipzig</subfield>
      <subfield code="b">de Gruyter</subfield>
      <subfield code="c">1932</subfield>
    </datafield>
    <datafield ind1=" " ind2=" " tag="300">
      <subfield code="a">VI, 463 S.</subfield>
      <subfield code="c">8</subfield>
    </datafield>
    <datafield ind1="0" ind2=" " tag="490">
      <subfield code="a">Veit's Sammlung wissenschaftlicher Wörterbücher</subfield>
    </datafield>
    <datafield ind1="1" ind2=" " tag="700">
      <subfield code="0">(DE-588)116049804</subfield>
      <subfield code="0">(DE-101)116049804</subfield>
      <subfield code="a">Bannwarth, Emil</subfield>
      <subfield code="d">1862-1929</subfield>
      <subfield code="4">cre</subfield>
    </datafield>
    <datafield ind1="1" ind2=" " tag="700">
      <subfield code="0">(DE-588)102650462</subfield>
      <subfield code="0">(DE-101)102650462</subfield>
      <subfield code="a">Pschyrembel, Willibald</subfield>
      <subfield code="d">1901-1987</subfield>
      <subfield code="4">cre</subfield>
    </datafield>
  </record>