
  <record>
    <leader>00765nam a2200229 c 4500</leader>
    <controlfield tag="001">573413983</controlfield>
    <controlfield tag="003">DE-101</controlfield>
    <controlfield tag="005">20040312020808.0</controlfield>
    <controlfield tag="007">tu</controlfield>
    <controlfield tag="008">011101s1935    gw |||||r|||| 00||||ger  </controlfield>
    <datafield ind1=" " ind2=" " tag="015">
      <subfield code="a">00,L01</subfield>
      <subfield code="2">dnb</subfield>
    </datafield>
    <datafield ind1="7" ind2=" " tag="016">
      <subfield code="2">DE-101</subfield>
      <subfield code="a">573413983</subfield>
    </datafield>
    <datafield ind1=" " ind2=" " tag="020">
      <subfield code="c">Lw. : 3.20</subfield>
    </datafield>
    <datafield ind1=" " ind2=" " tag="035">
      <subfield code="a">(DE-599)DNB573413983</subfield>
    </datafield>
    <datafield ind1=" " ind2=" " tag="035">
      <subfield code="a">(OCoLC)699878843</subfield>
    </datafield>
    <datafield ind1=" " ind2=" " tag="040">
      <subfield code="a">9999</subfield>
      <subfield code="b">ger</subfield>
      <subfield code="c">DE-101</subfield>
      <subfield code="d">9999</subfield>
    </datafield>
    <datafield ind1=" " ind2=" " tag="041">
      <subfield code="a">ger</subfield>
    </datafield>
    <datafield ind1=" " ind2=" " tag="044">
      <subfield code="c">XA-DE</subfield>
    </datafield>
    <datafield ind1="1" ind2=" " tag="100">
      <subfield code="0">(DE-588)101299079</subfield>
      <subfield code="0">(DE-101)101299079</subfield>
      <subfield code="a">Gerathewohl, Fritz</subfield>
      <subfield code="4">aut</subfield>
    </datafield>
    <datafield ind1="1" ind2="0" tag="245">
      <subfield code="a">Die Persönlichkeit in der neuen Zeit</subfield>
      <subfield code="b">Aufgaben u. Ziele d. Selbsterziehg</subfield>
      <subfield code="c">Fritz Gerathewohl. Hrsg. von d. Wissenschaftl. Leitg d. Siemens-Studien-Ges. f. prakt. Psychologie</subfield>
    </datafield>
    <datafield ind1="3" ind2=" " tag="260">
      <subfield code="a">Homburg v. d. H.</subfield>
      <subfield code="b">Siemens &amp; Co.</subfield>
      <subfield code="c">1935, [1935]</subfield>
    </datafield>
    <datafield ind1=" " ind2=" " tag="300">
      <subfield code="a">94 S.</subfield>
      <subfield code="c">8</subfield>
    </datafield>
  </record>