
  <record>
    <leader>00766nam a2200253 c 4500</leader>
    <controlfield tag="001">573679908</controlfield>
    <controlfield tag="003">DE-101</controlfield>
    <controlfield tag="005">20040312031930.0</controlfield>
    <controlfield tag="007">tu</controlfield>
    <controlfield tag="008">011101s1941    gw |||||r|||| 00||||ger  </controlfield>
    <datafield ind1=" " ind2=" " tag="015">
      <subfield code="a">00,L01</subfield>
      <subfield code="2">dnb</subfield>
    </datafield>
    <datafield ind1="7" ind2=" " tag="016">
      <subfield code="2">DE-101</subfield>
      <subfield code="a">573679908</subfield>
    </datafield>
    <datafield ind1=" " ind2=" " tag="020">
      <subfield code="c">Pp. : 1.50</subfield>
    </datafield>
    <datafield ind1=" " ind2=" " tag="035">
      <subfield code="a">(DE-599)DNB573679908</subfield>
    </datafield>
    <datafield ind1=" " ind2=" " tag="035">
      <subfield code="a">(OCoLC)250775333</subfield>
    </datafield>
    <datafield ind1=" " ind2=" " tag="040">
      <subfield code="a">9999</subfield>
      <subfield code="b">ger</subfield>
      <subfield code="c">DE-101</subfield>
      <subfield code="d">9999</subfield>
    </datafield>
    <datafield ind1=" " ind2=" " tag="041">
      <subfield code="a">ger</subfield>
    </datafield>
    <datafield ind1=" " ind2=" " tag="044">
      <subfield code="c">XA-DE</subfield>
    </datafield>
    <datafield ind1="1" ind2=" " tag="100">
      <subfield code="0">(DE-588)118546864</subfield>
      <subfield code="0">(DE-101)118546864</subfield>
      <subfield code="a">Hauff, Wilhelm</subfield>
      <subfield code="d">1802-1827</subfield>
      <subfield code="4">aut</subfield>
    </datafield>
    <datafield ind1="1" ind2="0" tag="245">
      <subfield code="a">Der kleine Muck</subfield>
      <subfield code="c">Wilhelm Hauff. Mit farb. Bildern v. Heiner Rothfuchs</subfield>
    </datafield>
    <datafield ind1="3" ind2=" " tag="260">
      <subfield code="a">Potsdam</subfield>
      <subfield code="b">Rütten &amp; Loening</subfield>
      <subfield code="c">1941, [1941]</subfield>
    </datafield>
    <datafield ind1=" " ind2=" " tag="300">
      <subfield code="a">47 S.</subfield>
      <subfield code="c">8</subfield>
    </datafield>
    <datafield ind1="0" ind2=" " tag="490">
      <subfield code="a">Deutsche Volks- und Kunstmärchen</subfield>
    </datafield>
    <datafield ind1="0" ind2=" " tag="730">
      <subfield code="a">Die Geschichte vom kleinen Muck</subfield>
    </datafield>
  </record>