
  <record>
    <leader>00815nam a2200241 c 4500</leader>
    <controlfield tag="001">573724091</controlfield>
    <controlfield tag="003">DE-101</controlfield>
    <controlfield tag="005">20040312032859.0</controlfield>
    <controlfield tag="007">tu</controlfield>
    <controlfield tag="008">011101s1926    gw |||||r|||| 00||||ger  </controlfield>
    <datafield ind1=" " ind2=" " tag="015">
      <subfield code="a">00,L01</subfield>
      <subfield code="2">dnb</subfield>
    </datafield>
    <datafield ind1="7" ind2=" " tag="016">
      <subfield code="2">DE-101</subfield>
      <subfield code="a">573724091</subfield>
    </datafield>
    <datafield ind1=" " ind2=" " tag="020">
      <subfield code="c">2.-</subfield>
    </datafield>
    <datafield ind1=" " ind2=" " tag="035">
      <subfield code="a">(DE-599)DNB573724091</subfield>
    </datafield>
    <datafield ind1=" " ind2=" " tag="035">
      <subfield code="a">(OCoLC)245921760</subfield>
    </datafield>
    <datafield ind1=" " ind2=" " tag="040">
      <subfield code="a">9999</subfield>
      <subfield code="b">ger</subfield>
      <subfield code="c">DE-101</subfield>
      <subfield code="d">9999</subfield>
    </datafield>
    <datafield ind1=" " ind2=" " tag="041">
      <subfield code="a">ger</subfield>
    </datafield>
    <datafield ind1=" " ind2=" " tag="044">
      <subfield code="c">XA-DE</subfield>
    </datafield>
    <datafield ind1="1" ind2=" " tag="100">
      <subfield code="0">(DE-588)105794716</subfield>
      <subfield code="0">(DE-101)105794716</subfield>
      <subfield code="a">Heine, Ludwig</subfield>
      <subfield code="4">aut</subfield>
    </datafield>
    <datafield ind1="1" ind2="0" tag="245">
      <subfield code="a">Persönlichkeit und Wirtschaft</subfield>
      <subfield code="b">Evang. Gedanken zur Entwicklg sozialer Gemeinbürgschaft im deutschen Volke</subfield>
      <subfield code="c">Ludwig Heine. Mit e. Vorw. von Jacobi</subfield>
    </datafield>
    <datafield ind1="3" ind2=" " tag="260">
      <subfield code="a">Halle (Saale)</subfield>
      <subfield code="b">Buchh. d. Waisenhauses</subfield>
      <subfield code="c">1926</subfield>
    </datafield>
    <datafield ind1=" " ind2=" " tag="300">
      <subfield code="a">VII, 56 S.</subfield>
      <subfield code="c">gr. 8</subfield>
    </datafield>
    <datafield ind1="1" ind2=" " tag="700">
      <subfield code="0">(DE-588)101782543</subfield>
      <subfield code="0">(DE-101)101782543</subfield>
      <subfield code="a">Jacobi, Justus</subfield>
      <subfield code="d">1850-1937</subfield>
      <subfield code="4">cre</subfield>
    </datafield>
  </record>