
  <record>
    <leader>00642nam a2200229 c 4500</leader>
    <controlfield tag="001">573835667</controlfield>
    <controlfield tag="003">DE-101</controlfield>
    <controlfield tag="005">20040312035422.0</controlfield>
    <controlfield tag="007">tu</controlfield>
    <controlfield tag="008">011102s1932    gw |||||r|||| 00||||ger  </controlfield>
    <datafield ind1=" " ind2=" " tag="015">
      <subfield code="a">00,L01</subfield>
      <subfield code="2">dnb</subfield>
    </datafield>
    <datafield ind1="7" ind2=" " tag="016">
      <subfield code="2">DE-101</subfield>
      <subfield code="a">573835667</subfield>
    </datafield>
    <datafield ind1=" " ind2=" " tag="020">
      <subfield code="c">8.-; geb. : 10.-</subfield>
    </datafield>
    <datafield ind1=" " ind2=" " tag="035">
      <subfield code="a">(DE-599)DNB573835667</subfield>
    </datafield>
    <datafield ind1=" " ind2=" " tag="035">
      <subfield code="a">(OCoLC)250315485</subfield>
    </datafield>
    <datafield ind1=" " ind2=" " tag="040">
      <subfield code="a">9999</subfield>
      <subfield code="b">ger</subfield>
      <subfield code="c">DE-101</subfield>
      <subfield code="d">9999</subfield>
    </datafield>
    <datafield ind1=" " ind2=" " tag="041">
      <subfield code="a">ger</subfield>
    </datafield>
    <datafield ind1=" " ind2=" " tag="044">
      <subfield code="c">XA-DE</subfield>
    </datafield>
    <datafield ind1="1" ind2=" " tag="100">
      <subfield code="0">(DE-588)116981024</subfield>
      <subfield code="0">(DE-101)116981024</subfield>
      <subfield code="a">Hoops, Johannes</subfield>
      <subfield code="d">1865-1949</subfield>
      <subfield code="4">aut</subfield>
    </datafield>
    <datafield ind1="1" ind2="0" tag="245">
      <subfield code="a">Kommentar zum Beowulf</subfield>
      <subfield code="c">Johannes Hoops</subfield>
    </datafield>
    <datafield ind1="3" ind2=" " tag="260">
      <subfield code="a">Heidelberg</subfield>
      <subfield code="b">Carl Winter [Verl.]</subfield>
      <subfield code="c">1932</subfield>
    </datafield>
    <datafield ind1=" " ind2=" " tag="300">
      <subfield code="a">X, 333 S.</subfield>
      <subfield code="c">gr. 8</subfield>
    </datafield>
  </record>