
  <record>
    <leader>00855nam a2200229 c 4500</leader>
    <controlfield tag="001">574072160</controlfield>
    <controlfield tag="003">DE-101</controlfield>
    <controlfield tag="005">20040312044859.0</controlfield>
    <controlfield tag="007">tu</controlfield>
    <controlfield tag="008">011214s1925    gw |||||r|||| 00||||ger  </controlfield>
    <datafield ind1=" " ind2=" " tag="015">
      <subfield code="a">00,L01</subfield>
      <subfield code="2">dnb</subfield>
    </datafield>
    <datafield ind1="7" ind2=" " tag="016">
      <subfield code="2">DE-101</subfield>
      <subfield code="a">574072160</subfield>
    </datafield>
    <datafield ind1=" " ind2=" " tag="020">
      <subfield code="c">nn 4.-</subfield>
    </datafield>
    <datafield ind1=" " ind2=" " tag="035">
      <subfield code="a">(DE-599)DNB574072160</subfield>
    </datafield>
    <datafield ind1=" " ind2=" " tag="035">
      <subfield code="a">(OCoLC)230725077</subfield>
    </datafield>
    <datafield ind1=" " ind2=" " tag="040">
      <subfield code="a">9999</subfield>
      <subfield code="b">ger</subfield>
      <subfield code="c">DE-101</subfield>
      <subfield code="d">9999</subfield>
    </datafield>
    <datafield ind1=" " ind2=" " tag="041">
      <subfield code="a">ger</subfield>
    </datafield>
    <datafield ind1=" " ind2=" " tag="044">
      <subfield code="c">XA-DE</subfield>
    </datafield>
    <datafield ind1="1" ind2=" " tag="100">
      <subfield code="0">(DE-588)118711415</subfield>
      <subfield code="0">(DE-101)118711415</subfield>
      <subfield code="a">Jaensch, Erich Rudolf</subfield>
      <subfield code="d">1883-1940</subfield>
      <subfield code="4">aut</subfield>
    </datafield>
    <datafield ind1="1" ind2="0" tag="245">
      <subfield code="a">Die Eidetik und die typologische Forschungsmethode in ihrer Bedeutg f. d. Jugendpsychologie u. Pädagogik, f. d. allgem. Psychologie u. d. Psychophysiologie d. menschl. Persönlichkeit</subfield>
      <subfield code="b">Mit bes. Berücks. d. grundleg. Fragen u. d. Untersuchungsmethodik</subfield>
      <subfield code="c">E. R. Jaensch</subfield>
    </datafield>
    <datafield ind1="3" ind2=" " tag="260">
      <subfield code="a">Leipzig</subfield>
      <subfield code="b">Quelle &amp; Meyer</subfield>
      <subfield code="c">1925</subfield>
    </datafield>
    <datafield ind1=" " ind2=" " tag="300">
      <subfield code="a">90 S.</subfield>
      <subfield code="c">8</subfield>
    </datafield>
  </record>