
  <record>
    <leader>01008nam a2200277 cb4500</leader>
    <controlfield tag="001">57468798X</controlfield>
    <controlfield tag="003">DE-101</controlfield>
    <controlfield tag="005">20040312063803.0</controlfield>
    <controlfield tag="007">tu</controlfield>
    <controlfield tag="008">020124s1927    gw |||||r|||| 00||||ger  </controlfield>
    <datafield ind1=" " ind2=" " tag="015">
      <subfield code="a">00,L01</subfield>
      <subfield code="2">dnb</subfield>
    </datafield>
    <datafield ind1="7" ind2=" " tag="016">
      <subfield code="2">DE-101</subfield>
      <subfield code="a">57468798X</subfield>
    </datafield>
    <datafield ind1=" " ind2=" " tag="020">
      <subfield code="c">Lw. : 4.-; Hldr. : 6.-; Ldr. : 8.-</subfield>
    </datafield>
    <datafield ind1=" " ind2=" " tag="035">
      <subfield code="a">(DE-599)DNB57468798X</subfield>
    </datafield>
    <datafield ind1=" " ind2=" " tag="035">
      <subfield code="a">(OCoLC)72182991</subfield>
    </datafield>
    <datafield ind1=" " ind2=" " tag="040">
      <subfield code="a">9999</subfield>
      <subfield code="b">ger</subfield>
      <subfield code="c">DE-101</subfield>
      <subfield code="d">9999</subfield>
    </datafield>
    <datafield ind1=" " ind2=" " tag="041">
      <subfield code="a">ger</subfield>
    </datafield>
    <datafield ind1=" " ind2=" " tag="044">
      <subfield code="c">XA-DE</subfield>
    </datafield>
    <datafield ind1="1" ind2=" " tag="100">
      <subfield code="0">(DE-588)118528068</subfield>
      <subfield code="0">(DE-101)118528068</subfield>
      <subfield code="a">Dumas, Alexandre</subfield>
      <subfield code="d">1802-1870</subfield>
      <subfield code="4">aut</subfield>
    </datafield>
    <datafield ind1="1" ind2="0" tag="245">
      <subfield code="a">Zwanzig Jahre nachher</subfield>
      <subfield code="b">Historisch-romantisches Gemälde</subfield>
      <subfield code="c">Alexander Dumas. [Neu bearb. u. hrsg. von Georg Carl Lehmann]</subfield>
    </datafield>
    <datafield ind1="3" ind2=" " tag="260">
      <subfield code="a">Berlin-Schöneberg</subfield>
      <subfield code="a">[Berlin-Wilmersdorf, Wexstr. 45/49]</subfield>
      <subfield code="b">P. J. Oestergaard</subfield>
      <subfield code="c">1927, [1927]</subfield>
    </datafield>
    <datafield ind1=" " ind2=" " tag="300">
      <subfield code="a">388 S.</subfield>
      <subfield code="c">8</subfield>
    </datafield>
    <datafield ind1="1" ind2=" " tag="490">
      <subfield code="a">[Die drei Musketiere] / [Dumas] ; [2]</subfield>
    </datafield>
    <datafield ind1="1" ind2=" " tag="700">
      <subfield code="0">(DE-588)105194697</subfield>
      <subfield code="0">(DE-101)105194697</subfield>
      <subfield code="a">Lehmann, Georg Carl</subfield>
      <subfield code="4">cre</subfield>
    </datafield>
    <datafield ind1="0" ind2=" " tag="730">
      <subfield code="a">Vingt Ans après</subfield>
    </datafield>
    <datafield ind1=" " ind2="0" tag="830">
      <subfield code="a">[Die drei Musketiere] / [Dumas] ; [2]</subfield>
    </datafield>
  </record>