
  <record>
    <leader>00600nam a2200217 c 4500</leader>
    <controlfield tag="001">57556458X</controlfield>
    <controlfield tag="003">DE-101</controlfield>
    <controlfield tag="005">20040312091028.0</controlfield>
    <controlfield tag="007">tu</controlfield>
    <controlfield tag="008">020307s1955    gw |||||r|||| 00||||ger  </controlfield>
    <datafield ind1=" " ind2=" " tag="015">
      <subfield code="a">00,L01</subfield>
      <subfield code="2">dnb</subfield>
    </datafield>
    <datafield ind1="7" ind2=" " tag="016">
      <subfield code="2">DE-101</subfield>
      <subfield code="a">57556458X</subfield>
    </datafield>
    <datafield ind1=" " ind2=" " tag="020">
      <subfield code="c">Kldr. : 2.90</subfield>
    </datafield>
    <datafield ind1=" " ind2=" " tag="035">
      <subfield code="a">(DE-599)DNB57556458X</subfield>
    </datafield>
    <datafield ind1=" " ind2=" " tag="035">
      <subfield code="a">(OCoLC)71968885</subfield>
    </datafield>
    <datafield ind1=" " ind2=" " tag="040">
      <subfield code="a">9999</subfield>
      <subfield code="b">ger</subfield>
      <subfield code="c">DE-101</subfield>
      <subfield code="d">9999</subfield>
    </datafield>
    <datafield ind1=" " ind2=" " tag="041">
      <subfield code="a">ger</subfield>
    </datafield>
    <datafield ind1=" " ind2=" " tag="044">
      <subfield code="c">XA-DE</subfield>
    </datafield>
    <datafield ind1="1" ind2="0" tag="245">
      <subfield code="a">Der Kleine Muck</subfield>
      <subfield code="b">[Film-Fotoalbum]</subfield>
    </datafield>
    <datafield ind1="3" ind2=" " tag="260">
      <subfield code="a">Potsdam-Babelsberg</subfield>
      <subfield code="b">DEFA, Studio f. Spielfilme</subfield>
      <subfield code="c">1955</subfield>
    </datafield>
    <datafield ind1=" " ind2=" " tag="300">
      <subfield code="a">17 Bl.</subfield>
      <subfield code="b">mit eingekl. Abb.</subfield>
      <subfield code="c">13,7 x 19,5 cm [Umschlagt.]</subfield>
    </datafield>
  </record>