
  <record>
    <leader>00595nam a2200205 c 4500</leader>
    <controlfield tag="001">575564598</controlfield>
    <controlfield tag="003">DE-101</controlfield>
    <controlfield tag="005">20040312091028.0</controlfield>
    <controlfield tag="007">tu</controlfield>
    <controlfield tag="008">020307s1970    gw |||||r|||| 00||||ger  </controlfield>
    <datafield ind1=" " ind2=" " tag="015">
      <subfield code="a">00,L01</subfield>
      <subfield code="2">dnb</subfield>
    </datafield>
    <datafield ind1="7" ind2=" " tag="016">
      <subfield code="2">DE-101</subfield>
      <subfield code="a">575564598</subfield>
    </datafield>
    <datafield ind1=" " ind2=" " tag="035">
      <subfield code="a">(DE-599)DNB575564598</subfield>
    </datafield>
    <datafield ind1=" " ind2=" " tag="035">
      <subfield code="a">(OCoLC)71968891</subfield>
    </datafield>
    <datafield ind1=" " ind2=" " tag="040">
      <subfield code="a">9999</subfield>
      <subfield code="b">ger</subfield>
      <subfield code="c">DE-101</subfield>
      <subfield code="d">9999</subfield>
    </datafield>
    <datafield ind1=" " ind2=" " tag="041">
      <subfield code="a">ger</subfield>
    </datafield>
    <datafield ind1=" " ind2=" " tag="044">
      <subfield code="c">XA-DE</subfield>
    </datafield>
    <datafield ind1="1" ind2="0" tag="245">
      <subfield code="a">Der kleine Muck</subfield>
      <subfield code="b">Ein Märchen nach Wilhelm Hauff ; [Text zur Dia-Serie]</subfield>
    </datafield>
    <datafield ind1="3" ind2=" " tag="260">
      <subfield code="a">Frankfurt a. M.</subfield>
      <subfield code="b">Difiton W. Jünger, Dia-, Film- u. Ton-Verl.</subfield>
      <subfield code="c">1970, [um 1970]</subfield>
    </datafield>
    <datafield ind1=" " ind2=" " tag="300">
      <subfield code="a">4 Bl.</subfield>
      <subfield code="c">kl. 8</subfield>
    </datafield>
  </record>