
  <record>
    <leader>00751nam a2200229 c 4500</leader>
    <controlfield tag="001">575633875</controlfield>
    <controlfield tag="003">DE-101</controlfield>
    <controlfield tag="005">20040312092433.0</controlfield>
    <controlfield tag="007">tu</controlfield>
    <controlfield tag="008">020307s1936    gw |||||r|||| 00||||ger  </controlfield>
    <datafield ind1=" " ind2=" " tag="015">
      <subfield code="a">00,L01</subfield>
      <subfield code="2">dnb</subfield>
    </datafield>
    <datafield ind1="7" ind2=" " tag="016">
      <subfield code="2">DE-101</subfield>
      <subfield code="a">575633875</subfield>
    </datafield>
    <datafield ind1=" " ind2=" " tag="020">
      <subfield code="c">In Mappe u. Hülse : 7.80; mit Prüf. Bogen : 9.80</subfield>
    </datafield>
    <datafield ind1=" " ind2=" " tag="035">
      <subfield code="a">(DE-599)DNB575633875</subfield>
    </datafield>
    <datafield ind1=" " ind2=" " tag="035">
      <subfield code="a">(OCoLC)71992603</subfield>
    </datafield>
    <datafield ind1=" " ind2=" " tag="040">
      <subfield code="a">9999</subfield>
      <subfield code="b">ger</subfield>
      <subfield code="c">DE-101</subfield>
      <subfield code="d">9999</subfield>
    </datafield>
    <datafield ind1=" " ind2=" " tag="041">
      <subfield code="a">ger</subfield>
    </datafield>
    <datafield ind1=" " ind2=" " tag="044">
      <subfield code="c">XA-DE</subfield>
    </datafield>
    <datafield ind1="1" ind2="0" tag="245">
      <subfield code="a">Persönlichkeit als Leistungsvorbild</subfield>
      <subfield code="c">Adolf Zeddies. Im Auftr. d. Siemens-Studien-Ges. f. prakt. Psychologie e. V. hrsg. von ...</subfield>
    </datafield>
    <datafield ind1="3" ind2=" " tag="260">
      <subfield code="a">Homburg</subfield>
      <subfield code="b">Siemens-Verlagsges.</subfield>
      <subfield code="c">1936, [1936]</subfield>
    </datafield>
    <datafield ind1=" " ind2=" " tag="300">
      <subfield code="a">280 S.</subfield>
      <subfield code="c">8</subfield>
    </datafield>
    <datafield ind1="1" ind2=" " tag="700">
      <subfield code="0">(DE-588)101288646</subfield>
      <subfield code="0">(DE-101)101288646</subfield>
      <subfield code="a">Zeddies, Adolf</subfield>
      <subfield code="4">cre</subfield>
    </datafield>
  </record>