
  <record>
    <leader>00765nam a2200229 c 4500</leader>
    <controlfield tag="001">575859482</controlfield>
    <controlfield tag="003">DE-101</controlfield>
    <controlfield tag="005">20040312105817.0</controlfield>
    <controlfield tag="007">tu</controlfield>
    <controlfield tag="008">020308s1967    gw |||||r|||| 00||||ger  </controlfield>
    <datafield ind1=" " ind2=" " tag="015">
      <subfield code="a">00,L01</subfield>
      <subfield code="2">dnb</subfield>
    </datafield>
    <datafield ind1="7" ind2=" " tag="016">
      <subfield code="2">DE-101</subfield>
      <subfield code="a">575859482</subfield>
    </datafield>
    <datafield ind1=" " ind2=" " tag="020">
      <subfield code="c">lfr 150.-</subfield>
    </datafield>
    <datafield ind1=" " ind2=" " tag="035">
      <subfield code="a">(DE-599)DNB575859482</subfield>
    </datafield>
    <datafield ind1=" " ind2=" " tag="035">
      <subfield code="a">(OCoLC)72059112</subfield>
    </datafield>
    <datafield ind1=" " ind2=" " tag="040">
      <subfield code="a">9999</subfield>
      <subfield code="b">ger</subfield>
      <subfield code="c">DE-101</subfield>
      <subfield code="d">9999</subfield>
    </datafield>
    <datafield ind1=" " ind2=" " tag="041">
      <subfield code="a">ger</subfield>
    </datafield>
    <datafield ind1=" " ind2=" " tag="044">
      <subfield code="c">XA-DE</subfield>
    </datafield>
    <datafield ind1="1" ind2=" " tag="100">
      <subfield code="0">(DE-588)126844496</subfield>
      <subfield code="0">(DE-101)126844496</subfield>
      <subfield code="a">Robert, Aloyse</subfield>
      <subfield code="4">aut</subfield>
    </datafield>
    <datafield ind1="1" ind2="0" tag="245">
      <subfield code="a">Einführung in die Menschenkenntnis</subfield>
      <subfield code="b">Konstitution d. Persönlichkeit ; Psychologie d. menschl. Verhaltens u. Handelns im Privat-, im Berufs- u. im Gesellschaftsleben</subfield>
      <subfield code="c">Aloyse Robert</subfield>
    </datafield>
    <datafield ind1="3" ind2=" " tag="260">
      <subfield code="a">Strassen-Luxemburg</subfield>
      <subfield code="b">A. Robert</subfield>
      <subfield code="c">1967</subfield>
    </datafield>
    <datafield ind1=" " ind2=" " tag="300">
      <subfield code="a">175, XVIII S.</subfield>
      <subfield code="c">8</subfield>
    </datafield>
  </record>