
  <record>
    <leader>00656nam a2200229 c 4500</leader>
    <controlfield tag="001">576471127</controlfield>
    <controlfield tag="003">DE-101</controlfield>
    <controlfield tag="005">20040312125553.0</controlfield>
    <controlfield tag="007">tu</controlfield>
    <controlfield tag="008">020429s19XX    gw |||||r|||| 00||||ger  </controlfield>
    <datafield ind1=" " ind2=" " tag="015">
      <subfield code="a">00,L01</subfield>
      <subfield code="2">dnb</subfield>
    </datafield>
    <datafield ind1="7" ind2=" " tag="016">
      <subfield code="2">DE-101</subfield>
      <subfield code="a">576471127</subfield>
    </datafield>
    <datafield ind1=" " ind2=" " tag="035">
      <subfield code="a">(DE-599)DNB576471127</subfield>
    </datafield>
    <datafield ind1=" " ind2=" " tag="040">
      <subfield code="a">9999</subfield>
      <subfield code="b">ger</subfield>
      <subfield code="c">DE-101</subfield>
      <subfield code="d">9999</subfield>
    </datafield>
    <datafield ind1=" " ind2=" " tag="041">
      <subfield code="a">ger</subfield>
    </datafield>
    <datafield ind1=" " ind2=" " tag="044">
      <subfield code="c">XA-DE</subfield>
    </datafield>
    <datafield ind1="1" ind2=" " tag="100">
      <subfield code="0">(DE-588)101490933</subfield>
      <subfield code="0">(DE-101)101490933</subfield>
      <subfield code="a">Spies, Heinrich</subfield>
      <subfield code="4">aut</subfield>
    </datafield>
    <datafield ind1="1" ind2="0" tag="245">
      <subfield code="a">Rhythmik des Beowulf</subfield>
      <subfield code="c">(H. Spies)</subfield>
    </datafield>
    <datafield ind1=" " ind2=" " tag="250">
      <subfield code="a">(Gedr. als Ms. f. Vorlesungen)</subfield>
    </datafield>
    <datafield ind1="3" ind2=" " tag="260">
      <subfield code="a">[s. l.] @</subfield>
      <subfield code="b">[s. n.] @</subfield>
      <subfield code="e">Weimar</subfield>
      <subfield code="f">Wagner</subfield>
      <subfield code="c">19XX, o. J.</subfield>
    </datafield>
    <datafield ind1=" " ind2=" " tag="300">
      <subfield code="a">4 S.</subfield>
      <subfield code="c">8 [Kopft.]</subfield>
    </datafield>
    <datafield ind1=" " ind2=" " tag="500">
      <subfield code="a">[Nicht im Handel ersch.]</subfield>
    </datafield>
  </record>