
  <record>
    <leader>00912nam a2200265 c 4500</leader>
    <controlfield tag="001">576480568</controlfield>
    <controlfield tag="003">DE-101</controlfield>
    <controlfield tag="005">20100423120632.0</controlfield>
    <controlfield tag="007">tu</controlfield>
    <controlfield tag="008">020429s1922    gw |||||r|||| 00||||ger  </controlfield>
    <datafield ind1=" " ind2=" " tag="015">
      <subfield code="a">00,L01</subfield>
      <subfield code="2">dnb</subfield>
    </datafield>
    <datafield ind1="7" ind2=" " tag="016">
      <subfield code="2">DE-101</subfield>
      <subfield code="a">576480568</subfield>
    </datafield>
    <datafield ind1=" " ind2=" " tag="020">
      <subfield code="c">100.-; Hlwbd. : 140.-; feine Ausg. Hldrbd. : 40.-</subfield>
    </datafield>
    <datafield ind1=" " ind2=" " tag="035">
      <subfield code="a">(DE-599)DNB576480568</subfield>
    </datafield>
    <datafield ind1=" " ind2=" " tag="035">
      <subfield code="a">(OCoLC)72201785</subfield>
    </datafield>
    <datafield ind1=" " ind2=" " tag="040">
      <subfield code="a">9999</subfield>
      <subfield code="b">ger</subfield>
      <subfield code="c">DE-101</subfield>
      <subfield code="d">0101</subfield>
    </datafield>
    <datafield ind1=" " ind2=" " tag="041">
      <subfield code="a">ger</subfield>
    </datafield>
    <datafield ind1=" " ind2=" " tag="044">
      <subfield code="c">XA-DE</subfield>
    </datafield>
    <datafield ind1="1" ind2=" " tag="100">
      <subfield code="0">(DE-588)118616390</subfield>
      <subfield code="0">(DE-101)118616390</subfield>
      <subfield code="a">Spranger, Eduard</subfield>
      <subfield code="d">1882-1963</subfield>
      <subfield code="4">aut</subfield>
    </datafield>
    <datafield ind1="1" ind2="0" tag="245">
      <subfield code="a">Lebensformen</subfield>
      <subfield code="b">Geisteswissenschaftl. Psychologie u. Ethik d. Persönlichkeit</subfield>
      <subfield code="c">Eduard Spranger</subfield>
    </datafield>
    <datafield ind1=" " ind2=" " tag="250">
      <subfield code="a">3. verb. Aufl. (3.-8. Tsd. d. erw. Fassung)</subfield>
    </datafield>
    <datafield ind1=" " ind2=" " tag="259">
      <subfield code="a">13</subfield>
    </datafield>
    <datafield ind1="3" ind2=" " tag="260">
      <subfield code="a">Halle (Saale)</subfield>
      <subfield code="b">M. Niemeyer</subfield>
      <subfield code="c">1922</subfield>
    </datafield>
    <datafield ind1=" " ind2=" " tag="300">
      <subfield code="a">XIV, 403 S.</subfield>
      <subfield code="b">mit 1 Fig.</subfield>
      <subfield code="c">gr. 8</subfield>
    </datafield>
    <datafield ind1="4" ind2="2" tag="856">
      <subfield code="m">B:DE-101</subfield>
      <subfield code="q">application/pdf</subfield>
      <subfield code="u">http://d-nb.info/576480568/04</subfield>
      <subfield code="3">Inhaltsverzeichnis</subfield>
    </datafield>
  </record>