
  <record>
    <leader>00654nam a2200229 c 4500</leader>
    <controlfield tag="001">576832766</controlfield>
    <controlfield tag="003">DE-101</controlfield>
    <controlfield tag="005">20040312141138.0</controlfield>
    <controlfield tag="007">tu</controlfield>
    <controlfield tag="008">020430s1933    gw |||||r|||| 00||||ger  </controlfield>
    <datafield ind1=" " ind2=" " tag="015">
      <subfield code="a">00,L01</subfield>
      <subfield code="2">dnb</subfield>
    </datafield>
    <datafield ind1="7" ind2=" " tag="016">
      <subfield code="2">DE-101</subfield>
      <subfield code="a">576832766</subfield>
    </datafield>
    <datafield ind1=" " ind2=" " tag="020">
      <subfield code="c">Lw.</subfield>
    </datafield>
    <datafield ind1=" " ind2=" " tag="035">
      <subfield code="a">(DE-599)DNB576832766</subfield>
    </datafield>
    <datafield ind1=" " ind2=" " tag="035">
      <subfield code="a">(OCoLC)72281530</subfield>
    </datafield>
    <datafield ind1=" " ind2=" " tag="040">
      <subfield code="a">9999</subfield>
      <subfield code="b">ger</subfield>
      <subfield code="c">DE-101</subfield>
      <subfield code="d">9999</subfield>
    </datafield>
    <datafield ind1=" " ind2=" " tag="041">
      <subfield code="a">ger</subfield>
    </datafield>
    <datafield ind1=" " ind2=" " tag="044">
      <subfield code="c">XA-DE</subfield>
    </datafield>
    <datafield ind1="1" ind2=" " tag="100">
      <subfield code="0">(DE-588)126964742</subfield>
      <subfield code="0">(DE-101)126964742</subfield>
      <subfield code="a">Vortisch, Wolfgang</subfield>
      <subfield code="4">aut</subfield>
    </datafield>
    <datafield ind1="1" ind2="0" tag="245">
      <subfield code="a">Die Wirtschaft der Persönlichkeit</subfield>
      <subfield code="b">Der moderne Weg</subfield>
      <subfield code="c">Wolfgang Vortisch</subfield>
    </datafield>
    <datafield ind1="3" ind2=" " tag="260">
      <subfield code="a">Zürich</subfield>
      <subfield code="a">Leipzig</subfield>
      <subfield code="a">Wien</subfield>
      <subfield code="b">Amalthea-Verl.</subfield>
      <subfield code="c">1933</subfield>
    </datafield>
    <datafield ind1=" " ind2=" " tag="300">
      <subfield code="a">84 S.</subfield>
      <subfield code="c">8</subfield>
    </datafield>
  </record>