
  <record>
    <leader>00814nam a2200253 c 4500</leader>
    <controlfield tag="001">577119834</controlfield>
    <controlfield tag="003">DE-101</controlfield>
    <controlfield tag="005">20091221123703.0</controlfield>
    <controlfield tag="007">tu</controlfield>
    <controlfield tag="008">020618s1964    gw |||||r|||| 00||||ger  </controlfield>
    <datafield ind1=" " ind2=" " tag="015">
      <subfield code="a">00,L01</subfield>
      <subfield code="2">dnb</subfield>
    </datafield>
    <datafield ind1="7" ind2=" " tag="016">
      <subfield code="2">DE-101</subfield>
      <subfield code="a">577119834</subfield>
    </datafield>
    <datafield ind1=" " ind2=" " tag="020">
      <subfield code="c">Lw. : 68.-</subfield>
    </datafield>
    <datafield ind1=" " ind2=" " tag="035">
      <subfield code="a">(DE-599)DNB577119834</subfield>
    </datafield>
    <datafield ind1=" " ind2=" " tag="035">
      <subfield code="a">(OCoLC)721215752</subfield>
    </datafield>
    <datafield ind1=" " ind2=" " tag="040">
      <subfield code="a">9999</subfield>
      <subfield code="b">ger</subfield>
      <subfield code="c">DE-101</subfield>
      <subfield code="d">1250</subfield>
    </datafield>
    <datafield ind1=" " ind2=" " tag="041">
      <subfield code="a">ger</subfield>
    </datafield>
    <datafield ind1=" " ind2=" " tag="044">
      <subfield code="c">XA-DE</subfield>
    </datafield>
    <datafield ind1="7" ind2="4" tag="082">
      <subfield code="a">700</subfield>
      <subfield code="a">230</subfield>
      <subfield code="q">DE-101</subfield>
      <subfield code="2">22sdnb</subfield>
    </datafield>
    <datafield ind1=" " ind2=" " tag="084">
      <subfield code="a">700</subfield>
      <subfield code="a">230</subfield>
      <subfield code="q">DE-101</subfield>
      <subfield code="2">sdnb</subfield>
    </datafield>
    <datafield ind1="1" ind2="0" tag="245">
      <subfield code="a">Christentum am Nil</subfield>
      <subfield code="b">Internat. Arbeitstagg zur Ausstellg "Koptische Kunst" ; Essen, Villa Hügel, 23.-25. Juli 1963</subfield>
      <subfield code="c">Hrsg. v. Klaus Wessel</subfield>
    </datafield>
    <datafield ind1="3" ind2=" " tag="260">
      <subfield code="a">Recklinghausen</subfield>
      <subfield code="b">Bongers</subfield>
      <subfield code="c">1964</subfield>
    </datafield>
    <datafield ind1=" " ind2=" " tag="300">
      <subfield code="a">268 S.</subfield>
      <subfield code="b">mit Abb. u. Titelb.</subfield>
    </datafield>
    <datafield ind1="1" ind2=" " tag="700">
      <subfield code="0">(DE-588)118908146</subfield>
      <subfield code="0">(DE-101)118908146</subfield>
      <subfield code="a">Wessel, Klaus</subfield>
      <subfield code="d">1916-1987</subfield>
      <subfield code="4">cre</subfield>
    </datafield>
  </record>