
  <record>
    <leader>00908nam a2200277 c 4500</leader>
    <controlfield tag="001">577600575</controlfield>
    <controlfield tag="003">DE-101</controlfield>
    <controlfield tag="005">20091221123714.0</controlfield>
    <controlfield tag="007">tu</controlfield>
    <controlfield tag="008">020619s1964    gw |||||r|||| 00||||ger  </controlfield>
    <datafield ind1=" " ind2=" " tag="015">
      <subfield code="a">00,L01</subfield>
      <subfield code="2">dnb</subfield>
    </datafield>
    <datafield ind1="7" ind2=" " tag="016">
      <subfield code="2">DE-101</subfield>
      <subfield code="a">577600575</subfield>
    </datafield>
    <datafield ind1=" " ind2=" " tag="020">
      <subfield code="c">Lw.</subfield>
    </datafield>
    <datafield ind1=" " ind2=" " tag="035">
      <subfield code="a">(DE-599)DNB577600575</subfield>
    </datafield>
    <datafield ind1=" " ind2=" " tag="035">
      <subfield code="a">(OCoLC)72312419</subfield>
    </datafield>
    <datafield ind1=" " ind2=" " tag="040">
      <subfield code="a">9999</subfield>
      <subfield code="b">ger</subfield>
      <subfield code="c">DE-101</subfield>
      <subfield code="d">1250</subfield>
    </datafield>
    <datafield ind1=" " ind2=" " tag="041">
      <subfield code="a">ger</subfield>
    </datafield>
    <datafield ind1=" " ind2=" " tag="044">
      <subfield code="c">XA-DE</subfield>
    </datafield>
    <datafield ind1="7" ind2="4" tag="082">
      <subfield code="a">700</subfield>
      <subfield code="a">230</subfield>
      <subfield code="q">DE-101</subfield>
      <subfield code="2">22sdnb</subfield>
    </datafield>
    <datafield ind1=" " ind2=" " tag="084">
      <subfield code="a">700</subfield>
      <subfield code="a">230</subfield>
      <subfield code="q">DE-101</subfield>
      <subfield code="2">sdnb</subfield>
    </datafield>
    <datafield ind1="1" ind2=" " tag="100">
      <subfield code="0">(DE-588)118908146</subfield>
      <subfield code="0">(DE-101)118908146</subfield>
      <subfield code="a">Wessel, Klaus</subfield>
      <subfield code="d">1916-1987</subfield>
      <subfield code="4">aut</subfield>
    </datafield>
    <datafield ind1="1" ind2="0" tag="245">
      <subfield code="a">L' Art copte</subfield>
      <subfield code="b">L'art antique de la basseépoque en Égypte</subfield>
      <subfield code="c">Klaus Wessel. [Trad. française de M. Eemans]</subfield>
    </datafield>
    <datafield ind1="3" ind2=" " tag="260">
      <subfield code="a">Bruxelles</subfield>
      <subfield code="b">Meddens</subfield>
      <subfield code="c">1964</subfield>
    </datafield>
    <datafield ind1=" " ind2=" " tag="300">
      <subfield code="a">256 S.</subfield>
      <subfield code="b">mit zahlr. z. T. eingekl. Abb. 1 Titelb.</subfield>
      <subfield code="c">4</subfield>
    </datafield>
    <datafield ind1="1" ind2=" " tag="700">
      <subfield code="0">(DE-588)127042938</subfield>
      <subfield code="0">(DE-101)127042938</subfield>
      <subfield code="a">Eemans, M.</subfield>
      <subfield code="4">cre</subfield>
    </datafield>
    <datafield ind1="0" ind2=" " tag="730">
      <subfield code="a">Koptische Kunst</subfield>
      <subfield code="g">franz.</subfield>
    </datafield>
  </record>