
  <record>
    <leader>00992nam a2200277 c 4500</leader>
    <controlfield tag="001">57762072X</controlfield>
    <controlfield tag="003">DE-101</controlfield>
    <controlfield tag="005">20120510084133.0</controlfield>
    <controlfield tag="007">tu</controlfield>
    <controlfield tag="008">020830s1960    gw |||||r|||| 00||||ger  </controlfield>
    <datafield ind1=" " ind2=" " tag="015">
      <subfield code="a">00,L01</subfield>
      <subfield code="2">dnb</subfield>
    </datafield>
    <datafield ind1="7" ind2=" " tag="016">
      <subfield code="2">DE-101</subfield>
      <subfield code="a">57762072X</subfield>
    </datafield>
    <datafield ind1=" " ind2=" " tag="020">
      <subfield code="c">Rbl -.10</subfield>
    </datafield>
    <datafield ind1=" " ind2=" " tag="035">
      <subfield code="a">(DE-599)DNB57762072X</subfield>
    </datafield>
    <datafield ind1=" " ind2=" " tag="035">
      <subfield code="a">(OCoLC)72317549</subfield>
    </datafield>
    <datafield ind1=" " ind2=" " tag="040">
      <subfield code="a">9999</subfield>
      <subfield code="b">ger</subfield>
      <subfield code="c">DE-101</subfield>
      <subfield code="d">2001</subfield>
    </datafield>
    <datafield ind1=" " ind2=" " tag="041">
      <subfield code="a">ger</subfield>
    </datafield>
    <datafield ind1=" " ind2=" " tag="044">
      <subfield code="c">XA-DE</subfield>
    </datafield>
    <datafield ind1="1" ind2=" " tag="100">
      <subfield code="0">(DE-588)118513451</subfield>
      <subfield code="0">(DE-101)118513451</subfield>
      <subfield code="a">Borchert, Wolfgang</subfield>
      <subfield code="d">1921-1947</subfield>
      <subfield code="4">aut</subfield>
    </datafield>
    <datafield ind1="1" ind2="0" tag="245">
      <subfield code="a">Ukse taga</subfield>
      <subfield code="c">Wolfgang Borchert. Saksa keelest tōlkinud A. Sang</subfield>
    </datafield>
    <datafield ind1="3" ind2=" " tag="260">
      <subfield code="a">Tallinn</subfield>
      <subfield code="b">Ajalehtede-ajakirjade Kirjastus</subfield>
      <subfield code="c">1960</subfield>
    </datafield>
    <datafield ind1=" " ind2=" " tag="300">
      <subfield code="a">77 S.</subfield>
      <subfield code="c">8</subfield>
    </datafield>
    <datafield ind1="1" ind2=" " tag="490">
      <subfield code="a">Looming : [...], Loomingu Raamatukogu</subfield>
      <subfield code="v">1960,3 = 115</subfield>
    </datafield>
    <datafield ind1="1" ind2=" " tag="700">
      <subfield code="0">(DE-588)132463598</subfield>
      <subfield code="0">(DE-101)132463598</subfield>
      <subfield code="a">Sang, August</subfield>
      <subfield code="d">1914-1969</subfield>
      <subfield code="4">cre</subfield>
    </datafield>
    <datafield ind1="0" ind2=" " tag="730">
      <subfield code="a">Draussen vor der Tür</subfield>
      <subfield code="g">estn.</subfield>
    </datafield>
    <datafield ind1=" " ind2="0" tag="830">
      <subfield code="a">Looming / Raamatukogu</subfield>
      <subfield code="n">[...]</subfield>
      <subfield code="p">Loomingu Raamatukogu</subfield>
      <subfield code="t">Looming</subfield>
      <subfield code="v">1960,3 = 115</subfield>
      <subfield code="w">(DE-101)015079767</subfield>
      <subfield code="w">(DE-600)948124-2</subfield>
      <subfield code="9">41960 13</subfield>
    </datafield>
  </record>