
  <record>
    <leader>01001nam a2200277 c 4500</leader>
    <controlfield tag="001">577620770</controlfield>
    <controlfield tag="003">DE-101</controlfield>
    <controlfield tag="005">20040312225203.0</controlfield>
    <controlfield tag="007">tu</controlfield>
    <controlfield tag="008">020830s1957    gw |||||r|||| 00||||ger  </controlfield>
    <datafield ind1=" " ind2=" " tag="015">
      <subfield code="a">00,L01</subfield>
      <subfield code="2">dnb</subfield>
    </datafield>
    <datafield ind1="7" ind2=" " tag="016">
      <subfield code="2">DE-101</subfield>
      <subfield code="a">577620770</subfield>
    </datafield>
    <datafield ind1=" " ind2=" " tag="020">
      <subfield code="c">hlf 1.60; Pp. : hfl 2.40</subfield>
    </datafield>
    <datafield ind1=" " ind2=" " tag="035">
      <subfield code="a">(DE-599)DNB577620770</subfield>
    </datafield>
    <datafield ind1=" " ind2=" " tag="035">
      <subfield code="a">(OCoLC)248098058</subfield>
    </datafield>
    <datafield ind1=" " ind2=" " tag="040">
      <subfield code="a">9999</subfield>
      <subfield code="b">ger</subfield>
      <subfield code="c">DE-101</subfield>
      <subfield code="d">9999</subfield>
    </datafield>
    <datafield ind1=" " ind2=" " tag="041">
      <subfield code="a">ger</subfield>
    </datafield>
    <datafield ind1=" " ind2=" " tag="044">
      <subfield code="c">XA-DE</subfield>
    </datafield>
    <datafield ind1="1" ind2=" " tag="100">
      <subfield code="0">(DE-588)118513451</subfield>
      <subfield code="0">(DE-101)118513451</subfield>
      <subfield code="a">Borchert, Wolfgang</subfield>
      <subfield code="d">1921-1947</subfield>
      <subfield code="4">aut</subfield>
    </datafield>
    <datafield ind1="1" ind2="0" tag="245">
      <subfield code="a">Buiten, voor de deur</subfield>
      <subfield code="b">Een stuk, dat geen toncelgroep wil spelen en dat geen publiek wil zien</subfield>
      <subfield code="c">Wolfgang Borchert. [Vert.: Theo Vesseur]</subfield>
    </datafield>
    <datafield ind1="3" ind2=" " tag="260">
      <subfield code="a">Amsterdam</subfield>
      <subfield code="a">Antwerpen</subfield>
      <subfield code="b">Wereld-Bibliotheek</subfield>
      <subfield code="c">1957</subfield>
    </datafield>
    <datafield ind1=" " ind2=" " tag="300">
      <subfield code="a">72 S.</subfield>
      <subfield code="c">8</subfield>
    </datafield>
    <datafield ind1="1" ind2=" " tag="490">
      <subfield code="a">Wereld-Boog</subfield>
      <subfield code="v">Nr 98 : Afd. Letteren en kunst</subfield>
    </datafield>
    <datafield ind1="1" ind2=" " tag="700">
      <subfield code="0">(DE-588)107636786</subfield>
      <subfield code="0">(DE-101)107636786</subfield>
      <subfield code="a">Vesseur, Theo</subfield>
      <subfield code="4">cre</subfield>
    </datafield>
    <datafield ind1="0" ind2=" " tag="730">
      <subfield code="a">Draußen vor der Tür</subfield>
      <subfield code="g">niederländ.</subfield>
    </datafield>
    <datafield ind1=" " ind2="0" tag="830">
      <subfield code="a">Wereld-Boog</subfield>
      <subfield code="v">Nr 98 : Afd. Letteren en kunst</subfield>
      <subfield code="9">nr298</subfield>
    </datafield>
  </record>