
  <record>
    <leader>00892nam a2200265 c 4500</leader>
    <controlfield tag="001">577620789</controlfield>
    <controlfield tag="003">DE-101</controlfield>
    <controlfield tag="005">20120411104154.0</controlfield>
    <controlfield tag="007">tu</controlfield>
    <controlfield tag="008">020830s1960    gw |||||r|||| 00||||ger  </controlfield>
    <datafield ind1=" " ind2=" " tag="015">
      <subfield code="a">00,L01</subfield>
      <subfield code="2">dnb</subfield>
    </datafield>
    <datafield ind1="7" ind2=" " tag="016">
      <subfield code="2">DE-101</subfield>
      <subfield code="a">577620789</subfield>
    </datafield>
    <datafield ind1=" " ind2=" " tag="020">
      <subfield code="c">Lw. : zł 25.-</subfield>
    </datafield>
    <datafield ind1=" " ind2=" " tag="035">
      <subfield code="a">(DE-599)DNB577620789</subfield>
    </datafield>
    <datafield ind1=" " ind2=" " tag="035">
      <subfield code="a">(OCoLC)72317558</subfield>
    </datafield>
    <datafield ind1=" " ind2=" " tag="040">
      <subfield code="a">9999</subfield>
      <subfield code="b">ger</subfield>
      <subfield code="c">DE-101</subfield>
      <subfield code="d">1240</subfield>
    </datafield>
    <datafield ind1=" " ind2=" " tag="041">
      <subfield code="a">ger</subfield>
    </datafield>
    <datafield ind1=" " ind2=" " tag="044">
      <subfield code="c">XA-DE</subfield>
    </datafield>
    <datafield ind1="1" ind2=" " tag="100">
      <subfield code="0">(DE-588)118513451</subfield>
      <subfield code="0">(DE-101)118513451</subfield>
      <subfield code="a">Borchert, Wolfgang</subfield>
      <subfield code="d">1921-1947</subfield>
      <subfield code="4">aut</subfield>
    </datafield>
    <datafield ind1="1" ind2="0" tag="245">
      <subfield code="a">Pod drzwiami</subfield>
      <subfield code="c">Wolfgang Borchert. Przeł. Edwin Herbert ; Egon Naganowski. Wstȩp napisal Andrzej Wirth</subfield>
    </datafield>
    <datafield ind1="3" ind2=" " tag="260">
      <subfield code="a">Warszawa</subfield>
      <subfield code="b">Czytelnik</subfield>
      <subfield code="c">1960</subfield>
    </datafield>
    <datafield ind1=" " ind2=" " tag="300">
      <subfield code="a">468 S.</subfield>
      <subfield code="c">kl. 8</subfield>
    </datafield>
    <datafield ind1="1" ind2=" " tag="700">
      <subfield code="0">(DE-588)127170871</subfield>
      <subfield code="0">(DE-101)127170871</subfield>
      <subfield code="a">Herbert, Edwin</subfield>
      <subfield code="4">cre</subfield>
    </datafield>
    <datafield ind1="1" ind2=" " tag="700">
      <subfield code="0">(DE-588)119309424</subfield>
      <subfield code="0">(DE-101)119309424</subfield>
      <subfield code="a">Naganowski, Egon</subfield>
      <subfield code="d">1913-</subfield>
      <subfield code="4">cre</subfield>
    </datafield>
    <datafield ind1="0" ind2=" " tag="730">
      <subfield code="a">Draußen vor der Tür</subfield>
      <subfield code="g">poln.</subfield>
    </datafield>
  </record>