
  <record>
    <leader>01036nam a2200253 c 4500</leader>
    <controlfield tag="001">577620797</controlfield>
    <controlfield tag="003">DE-101</controlfield>
    <controlfield tag="005">20040312225204.0</controlfield>
    <controlfield tag="007">tu</controlfield>
    <controlfield tag="008">020830s1963    gw |||||r|||| 00||||ger  </controlfield>
    <datafield ind1=" " ind2=" " tag="015">
      <subfield code="a">00,L01</subfield>
      <subfield code="2">dnb</subfield>
    </datafield>
    <datafield ind1="7" ind2=" " tag="016">
      <subfield code="2">DE-101</subfield>
      <subfield code="a">577620797</subfield>
    </datafield>
    <datafield ind1=" " ind2=" " tag="020">
      <subfield code="c">Kčs 13.-</subfield>
    </datafield>
    <datafield ind1=" " ind2=" " tag="035">
      <subfield code="a">(DE-599)DNB577620797</subfield>
    </datafield>
    <datafield ind1=" " ind2=" " tag="035">
      <subfield code="a">(OCoLC)72317563</subfield>
    </datafield>
    <datafield ind1=" " ind2=" " tag="040">
      <subfield code="a">9999</subfield>
      <subfield code="b">ger</subfield>
      <subfield code="c">DE-101</subfield>
      <subfield code="d">9999</subfield>
    </datafield>
    <datafield ind1=" " ind2=" " tag="041">
      <subfield code="a">ger</subfield>
    </datafield>
    <datafield ind1=" " ind2=" " tag="044">
      <subfield code="c">XA-DE</subfield>
    </datafield>
    <datafield ind1="1" ind2=" " tag="100">
      <subfield code="0">(DE-588)118513451</subfield>
      <subfield code="0">(DE-101)118513451</subfield>
      <subfield code="a">Borchert, Wolfgang</subfield>
      <subfield code="d">1921-1947</subfield>
      <subfield code="4">aut</subfield>
    </datafield>
    <datafield ind1="1" ind2="0" tag="245">
      <subfield code="a">Vonku predo dvermi</subfield>
      <subfield code="b">Hrs, ktorú nechce hrat' nijaké divadlo a vidiet' nijaké publikum</subfield>
      <subfield code="c">Wolfgang Borchert. Venované Hansovi Questovi. Prel. [z nem. orig.) Richard M. Škridla. Verše prebásnila Jela Krěměry. [Rozmnožený ako rukopis]</subfield>
    </datafield>
    <datafield ind1="3" ind2=" " tag="260">
      <subfield code="a">Bratislava</subfield>
      <subfield code="b">Diliza Slovenské divadelné a literárne Zastupitel'stvo</subfield>
      <subfield code="c">1963</subfield>
    </datafield>
    <datafield ind1=" " ind2=" " tag="300">
      <subfield code="a">60 S.</subfield>
      <subfield code="c">4 [Maschinenschr. vervielf.]</subfield>
    </datafield>
    <datafield ind1="1" ind2=" " tag="700">
      <subfield code="0">(DE-588)12700596X</subfield>
      <subfield code="0">(DE-101)12700596X</subfield>
      <subfield code="a">Škridla, Richard M.</subfield>
      <subfield code="4">cre</subfield>
    </datafield>
    <datafield ind1="0" ind2=" " tag="730">
      <subfield code="a">Draußen vor der Tür</subfield>
      <subfield code="g">slowak.</subfield>
    </datafield>
  </record>