
  <record>
    <leader>01192nam a2200301 cb4500</leader>
    <controlfield tag="001">577620800</controlfield>
    <controlfield tag="003">DE-101</controlfield>
    <controlfield tag="005">20120404141717.0</controlfield>
    <controlfield tag="007">tu</controlfield>
    <controlfield tag="008">020830s1965    gw |||||r|||| 00||||ger  </controlfield>
    <datafield ind1=" " ind2=" " tag="015">
      <subfield code="a">00,L01</subfield>
      <subfield code="2">dnb</subfield>
    </datafield>
    <datafield ind1="7" ind2=" " tag="016">
      <subfield code="2">DE-101</subfield>
      <subfield code="a">577620800</subfield>
    </datafield>
    <datafield ind1=" " ind2=" " tag="020">
      <subfield code="c">Lw. : Kčs 15.50</subfield>
    </datafield>
    <datafield ind1=" " ind2=" " tag="035">
      <subfield code="a">(DE-599)DNB577620800</subfield>
    </datafield>
    <datafield ind1=" " ind2=" " tag="035">
      <subfield code="a">(OCoLC)72317567</subfield>
    </datafield>
    <datafield ind1=" " ind2=" " tag="040">
      <subfield code="a">9999</subfield>
      <subfield code="b">ger</subfield>
      <subfield code="c">DE-101</subfield>
      <subfield code="d">1240</subfield>
    </datafield>
    <datafield ind1=" " ind2=" " tag="041">
      <subfield code="a">ger</subfield>
    </datafield>
    <datafield ind1=" " ind2=" " tag="044">
      <subfield code="c">XA-DE</subfield>
    </datafield>
    <datafield ind1="7" ind2="4" tag="082">
      <subfield code="a">830</subfield>
      <subfield code="a">B</subfield>
      <subfield code="q">DE-101</subfield>
      <subfield code="2">22sdnb</subfield>
    </datafield>
    <datafield ind1=" " ind2=" " tag="084">
      <subfield code="a">830</subfield>
      <subfield code="a">B</subfield>
      <subfield code="q">DE-101</subfield>
      <subfield code="2">sdnb</subfield>
    </datafield>
    <datafield ind1="1" ind2=" " tag="100">
      <subfield code="0">(DE-588)118513451</subfield>
      <subfield code="0">(DE-101)118513451</subfield>
      <subfield code="a">Borchert, Wolfgang</subfield>
      <subfield code="d">1921-1947</subfield>
      <subfield code="4">aut</subfield>
    </datafield>
    <datafield ind1="1" ind2="0" tag="245">
      <subfield code="a">Venku přede dveřmi</subfield>
      <subfield code="c">Wolfgang Borchert. [Sest., z něm. orig. Das Gesamtwerk a Die traurigen Geranien přel. a doslov napsal Josef Čermák. Povídku Schischyphusch přel. Bohumila Grögerová. Verše v textu přel. Josef Hiršal. Il. Radim Malát]</subfield>
    </datafield>
    <datafield ind1="3" ind2=" " tag="260">
      <subfield code="a">Praha</subfield>
      <subfield code="b">Naše Vojsko</subfield>
      <subfield code="c">1965</subfield>
    </datafield>
    <datafield ind1=" " ind2=" " tag="300">
      <subfield code="a">288 S.</subfield>
      <subfield code="c">8</subfield>
    </datafield>
    <datafield ind1="1" ind2=" " tag="490">
      <subfield code="a">Knihovná vojaka</subfield>
      <subfield code="v">Sv. 250</subfield>
    </datafield>
    <datafield ind1="1" ind2=" " tag="700">
      <subfield code="0">(DE-588)131385704</subfield>
      <subfield code="0">(DE-101)131385704</subfield>
      <subfield code="a">Čermák, Josef</subfield>
      <subfield code="d">1928-</subfield>
      <subfield code="4">cre</subfield>
    </datafield>
    <datafield ind1="0" ind2=" " tag="730">
      <subfield code="a">Draußen vor der Tür</subfield>
      <subfield code="g">tschech.</subfield>
    </datafield>
    <datafield ind1=" " ind2="0" tag="830">
      <subfield code="a">Knihovná vojaka</subfield>
      <subfield code="v">Sv. 250</subfield>
      <subfield code="w">(DE-101)015441792</subfield>
      <subfield code="w">(DE-600)1011056-2</subfield>
      <subfield code="9">3250</subfield>
    </datafield>
  </record>