
  <record>
    <leader>00773nam a2200241 c 4500</leader>
    <controlfield tag="001">577694405</controlfield>
    <controlfield tag="003">DE-101</controlfield>
    <controlfield tag="005">20070404010848.0</controlfield>
    <controlfield tag="007">tu</controlfield>
    <controlfield tag="008">020830s1972    gw |||||r|||| 00||||ger  </controlfield>
    <datafield ind1=" " ind2=" " tag="015">
      <subfield code="a">00,L01</subfield>
      <subfield code="2">dnb</subfield>
    </datafield>
    <datafield ind1="7" ind2=" " tag="016">
      <subfield code="2">DE-101</subfield>
      <subfield code="a">577694405</subfield>
    </datafield>
    <datafield ind1=" " ind2=" " tag="020">
      <subfield code="c">Geb. : $ 6.50</subfield>
    </datafield>
    <datafield ind1=" " ind2=" " tag="035">
      <subfield code="a">(DE-599)DNB577694405</subfield>
    </datafield>
    <datafield ind1=" " ind2=" " tag="035">
      <subfield code="a">(OCoLC)721219051</subfield>
    </datafield>
    <datafield ind1=" " ind2=" " tag="040">
      <subfield code="a">9999</subfield>
      <subfield code="b">ger</subfield>
      <subfield code="c">DE-101</subfield>
      <subfield code="d">9999</subfield>
    </datafield>
    <datafield ind1=" " ind2=" " tag="041">
      <subfield code="a">ger</subfield>
    </datafield>
    <datafield ind1=" " ind2=" " tag="044">
      <subfield code="c">XA-DE</subfield>
    </datafield>
    <datafield ind1="1" ind2=" " tag="100">
      <subfield code="0">(DE-588)124651240</subfield>
      <subfield code="0">(DE-101)124651240</subfield>
      <subfield code="a">Ferm, Vergilius Ture Anselm</subfield>
      <subfield code="d">1896-1974</subfield>
      <subfield code="4">aut</subfield>
    </datafield>
    <datafield ind1="1" ind2="0" tag="245">
      <subfield code="a">Cross-Currents in the personality of Martin Luther</subfield>
      <subfield code="b">A study in the psychology of religious genius</subfield>
      <subfield code="c">Vergilius Ferm</subfield>
    </datafield>
    <datafield ind1="3" ind2=" " tag="260">
      <subfield code="a">North Quincy</subfield>
      <subfield code="b">Christopher Publishing House</subfield>
      <subfield code="c">1972</subfield>
    </datafield>
    <datafield ind1=" " ind2=" " tag="300">
      <subfield code="a">186 S.</subfield>
      <subfield code="c">8</subfield>
    </datafield>
    <datafield ind1=" " ind2=" " tag="500">
      <subfield code="a">Mit Literaturverz. S. 181-186</subfield>
    </datafield>
  </record>