
  <record>
    <leader>00856nam a2200253 c 4500</leader>
    <controlfield tag="001">577902067</controlfield>
    <controlfield tag="003">DE-101</controlfield>
    <controlfield tag="005">20050330091628.0</controlfield>
    <controlfield tag="007">tu</controlfield>
    <controlfield tag="008">020830s1972    gw |||||r|||| 00||||ger  </controlfield>
    <datafield ind1=" " ind2=" " tag="015">
      <subfield code="a">00,L01</subfield>
      <subfield code="2">dnb</subfield>
    </datafield>
    <datafield ind1="7" ind2=" " tag="016">
      <subfield code="2">DE-101</subfield>
      <subfield code="a">577902067</subfield>
    </datafield>
    <datafield ind1=" " ind2=" " tag="020">
      <subfield code="c">Geb. : $ 7.50</subfield>
    </datafield>
    <datafield ind1=" " ind2=" " tag="035">
      <subfield code="a">(DE-599)DNB577902067</subfield>
    </datafield>
    <datafield ind1=" " ind2=" " tag="035">
      <subfield code="a">(OCoLC)721346342</subfield>
    </datafield>
    <datafield ind1=" " ind2=" " tag="040">
      <subfield code="a">9999</subfield>
      <subfield code="b">ger</subfield>
      <subfield code="c">DE-101</subfield>
      <subfield code="d">1140</subfield>
    </datafield>
    <datafield ind1=" " ind2=" " tag="041">
      <subfield code="a">ger</subfield>
    </datafield>
    <datafield ind1=" " ind2=" " tag="044">
      <subfield code="c">XA-DE</subfield>
    </datafield>
    <datafield ind1="1" ind2=" " tag="100">
      <subfield code="0">(DE-588)118587277</subfield>
      <subfield code="0">(DE-101)118587277</subfield>
      <subfield code="a">Neumann, Erich</subfield>
      <subfield code="d">1905-1960</subfield>
      <subfield code="4">aut</subfield>
    </datafield>
    <datafield ind1="1" ind2="0" tag="245">
      <subfield code="a">The Child</subfield>
      <subfield code="b">Structure and dynamics of the nascent personality</subfield>
      <subfield code="c">Erich Neumann. Publ. for C. G. Jung Foundation for Analytical Psychology. Transl. by Ralph Manheim</subfield>
    </datafield>
    <datafield ind1="3" ind2=" " tag="260">
      <subfield code="a">New York</subfield>
      <subfield code="b">Putnam</subfield>
      <subfield code="c">1972</subfield>
    </datafield>
    <datafield ind1=" " ind2=" " tag="300">
      <subfield code="a">221 S.</subfield>
      <subfield code="c">8</subfield>
    </datafield>
    <datafield ind1="1" ind2=" " tag="700">
      <subfield code="0">(DE-588)116731427</subfield>
      <subfield code="0">(DE-101)116731427</subfield>
      <subfield code="a">Manheim, Ralph</subfield>
      <subfield code="d">1907-</subfield>
      <subfield code="4">cre</subfield>
    </datafield>
    <datafield ind1="0" ind2=" " tag="730">
      <subfield code="a">Das Kind</subfield>
      <subfield code="g">engl.</subfield>
    </datafield>
  </record>