
  <record>
    <leader>00726nam a2200217 c 4500</leader>
    <controlfield tag="001">578220431</controlfield>
    <controlfield tag="003">DE-101</controlfield>
    <controlfield tag="005">20121119125212.0</controlfield>
    <controlfield tag="007">tu</controlfield>
    <controlfield tag="008">020819s1971    gw |||||r|||| 00||||ger  </controlfield>
    <datafield ind1=" " ind2=" " tag="015">
      <subfield code="a">00,L01</subfield>
      <subfield code="2">dnb</subfield>
    </datafield>
    <datafield ind1="7" ind2=" " tag="016">
      <subfield code="2">DE-101</subfield>
      <subfield code="a">578220431</subfield>
    </datafield>
    <datafield ind1=" " ind2=" " tag="035">
      <subfield code="a">(DE-599)DNB578220431</subfield>
    </datafield>
    <datafield ind1=" " ind2=" " tag="035">
      <subfield code="a">(OCoLC)72378628</subfield>
    </datafield>
    <datafield ind1=" " ind2=" " tag="040">
      <subfield code="a">9999</subfield>
      <subfield code="b">ger</subfield>
      <subfield code="c">DE-101</subfield>
      <subfield code="d">0101</subfield>
    </datafield>
    <datafield ind1=" " ind2=" " tag="041">
      <subfield code="a">ger</subfield>
    </datafield>
    <datafield ind1=" " ind2=" " tag="044">
      <subfield code="c">XA-DE</subfield>
    </datafield>
    <datafield ind1="1" ind2=" " tag="100">
      <subfield code="0">(DE-588)117131024</subfield>
      <subfield code="0">(DE-101)117131024</subfield>
      <subfield code="a">Walter, Hans Albert</subfield>
      <subfield code="d">1935-</subfield>
      <subfield code="4">aut</subfield>
    </datafield>
    <datafield ind1="1" ind2="0" tag="245">
      <subfield code="a">Noch immer: Draussen vor der Tür</subfield>
      <subfield code="b">An d. dt. Exilliteratur könnte d. Germanistik d. Ausweg aus d. Krise proben</subfield>
      <subfield code="c">Hans-Albert Walter</subfield>
    </datafield>
    <datafield ind1="3" ind2=" " tag="260">
      <subfield code="a">Stockholm</subfield>
      <subfield code="b">Tyska institutionen, Universitet</subfield>
      <subfield code="c">1971, [1971]</subfield>
    </datafield>
    <datafield ind1=" " ind2=" " tag="300">
      <subfield code="a">8 gez. Bl.</subfield>
      <subfield code="c">4 [Kopft.]</subfield>
    </datafield>
  </record>