
  <record>
    <leader>00659nam a2200229 c 4500</leader>
    <controlfield tag="001">578354659</controlfield>
    <controlfield tag="003">DE-101</controlfield>
    <controlfield tag="005">20040313005751.0</controlfield>
    <controlfield tag="007">tu</controlfield>
    <controlfield tag="008">020819s1927    gw |||||r|||| 00||||ger  </controlfield>
    <datafield ind1=" " ind2=" " tag="015">
      <subfield code="a">00,L01</subfield>
      <subfield code="2">dnb</subfield>
    </datafield>
    <datafield ind1="7" ind2=" " tag="016">
      <subfield code="2">DE-101</subfield>
      <subfield code="a">578354659</subfield>
    </datafield>
    <datafield ind1=" " ind2=" " tag="020">
      <subfield code="c">2.50</subfield>
    </datafield>
    <datafield ind1=" " ind2=" " tag="035">
      <subfield code="a">(DE-599)DNB578354659</subfield>
    </datafield>
    <datafield ind1=" " ind2=" " tag="035">
      <subfield code="a">(OCoLC)72388955</subfield>
    </datafield>
    <datafield ind1=" " ind2=" " tag="040">
      <subfield code="a">9999</subfield>
      <subfield code="b">ger</subfield>
      <subfield code="c">DE-101</subfield>
      <subfield code="d">9999</subfield>
    </datafield>
    <datafield ind1=" " ind2=" " tag="041">
      <subfield code="a">ger</subfield>
    </datafield>
    <datafield ind1=" " ind2=" " tag="044">
      <subfield code="c">XA-DE</subfield>
    </datafield>
    <datafield ind1="1" ind2=" " tag="100">
      <subfield code="0">(DE-588)101077742</subfield>
      <subfield code="0">(DE-101)101077742</subfield>
      <subfield code="a">Wieser, Sebastian</subfield>
      <subfield code="4">aut</subfield>
    </datafield>
    <datafield ind1="1" ind2="0" tag="245">
      <subfield code="a">Ben Hur</subfield>
      <subfield code="b">Schausp. in 5 Akten</subfield>
      <subfield code="c">Sebastian Wieser</subfield>
    </datafield>
    <datafield ind1="3" ind2=" " tag="260">
      <subfield code="a">Breyell (Rhld.)</subfield>
      <subfield code="b">Willy Bosch</subfield>
      <subfield code="a">München</subfield>
      <subfield code="b">Val. Höfling Verl.</subfield>
      <subfield code="c">1927</subfield>
    </datafield>
    <datafield ind1=" " ind2=" " tag="300">
      <subfield code="a">55 S.</subfield>
      <subfield code="c">kl. 8</subfield>
    </datafield>
  </record>