
  <record>
    <leader>00650nam a2200229 c 4500</leader>
    <controlfield tag="001">578354667</controlfield>
    <controlfield tag="003">DE-101</controlfield>
    <controlfield tag="005">20040313005752.0</controlfield>
    <controlfield tag="007">tu</controlfield>
    <controlfield tag="008">020819s1929    gw |||||r|||| 00||||ger  </controlfield>
    <datafield ind1=" " ind2=" " tag="015">
      <subfield code="a">00,L01</subfield>
      <subfield code="2">dnb</subfield>
    </datafield>
    <datafield ind1="7" ind2=" " tag="016">
      <subfield code="2">DE-101</subfield>
      <subfield code="a">578354667</subfield>
    </datafield>
    <datafield ind1=" " ind2=" " tag="035">
      <subfield code="a">(DE-599)DNB578354667</subfield>
    </datafield>
    <datafield ind1=" " ind2=" " tag="035">
      <subfield code="a">(OCoLC)72388956</subfield>
    </datafield>
    <datafield ind1=" " ind2=" " tag="040">
      <subfield code="a">9999</subfield>
      <subfield code="b">ger</subfield>
      <subfield code="c">DE-101</subfield>
      <subfield code="d">9999</subfield>
    </datafield>
    <datafield ind1=" " ind2=" " tag="041">
      <subfield code="a">ger</subfield>
    </datafield>
    <datafield ind1=" " ind2=" " tag="044">
      <subfield code="c">XA-DE</subfield>
    </datafield>
    <datafield ind1="1" ind2=" " tag="100">
      <subfield code="0">(DE-588)101077742</subfield>
      <subfield code="0">(DE-101)101077742</subfield>
      <subfield code="a">Wieser, Sebastian</subfield>
      <subfield code="4">aut</subfield>
    </datafield>
    <datafield ind1="1" ind2="0" tag="245">
      <subfield code="a">Ben Hur</subfield>
      <subfield code="b">Schauspiel in 5 Aufz.</subfield>
      <subfield code="c">Sebastian Wieser</subfield>
    </datafield>
    <datafield ind1=" " ind2=" " tag="250">
      <subfield code="a">Als Ms. gedr. 2. umgearb. Aufl.</subfield>
    </datafield>
    <datafield ind1="3" ind2=" " tag="260">
      <subfield code="a">München</subfield>
      <subfield code="b">Höfling</subfield>
      <subfield code="c">1929, [um 1929]</subfield>
    </datafield>
    <datafield ind1=" " ind2=" " tag="300">
      <subfield code="a">68 S.</subfield>
      <subfield code="c">kl. 8</subfield>
    </datafield>
  </record>