
  <record>
    <leader>00669nam a2200229 c 4500</leader>
    <controlfield tag="001">578427397</controlfield>
    <controlfield tag="003">DE-101</controlfield>
    <controlfield tag="005">20040313011045.0</controlfield>
    <controlfield tag="007">tu</controlfield>
    <controlfield tag="008">020819s1943    gw |||||r|||| 00||||ger  </controlfield>
    <datafield ind1=" " ind2=" " tag="015">
      <subfield code="a">00,L01</subfield>
      <subfield code="2">dnb</subfield>
    </datafield>
    <datafield ind1="7" ind2=" " tag="016">
      <subfield code="2">DE-101</subfield>
      <subfield code="a">578427397</subfield>
    </datafield>
    <datafield ind1=" " ind2=" " tag="020">
      <subfield code="c">Hlw. : 12.-</subfield>
    </datafield>
    <datafield ind1=" " ind2=" " tag="035">
      <subfield code="a">(DE-599)DNB578427397</subfield>
    </datafield>
    <datafield ind1=" " ind2=" " tag="035">
      <subfield code="a">(OCoLC)250484665</subfield>
    </datafield>
    <datafield ind1=" " ind2=" " tag="040">
      <subfield code="a">9999</subfield>
      <subfield code="b">ger</subfield>
      <subfield code="c">DE-101</subfield>
      <subfield code="d">9999</subfield>
    </datafield>
    <datafield ind1=" " ind2=" " tag="041">
      <subfield code="a">ger</subfield>
    </datafield>
    <datafield ind1=" " ind2=" " tag="044">
      <subfield code="c">XA-DE</subfield>
    </datafield>
    <datafield ind1="1" ind2=" " tag="100">
      <subfield code="0">(DE-588)118635018</subfield>
      <subfield code="0">(DE-101)118635018</subfield>
      <subfield code="a">Wollenweber, Hellmut</subfield>
      <subfield code="d">1903-</subfield>
      <subfield code="4">aut</subfield>
    </datafield>
    <datafield ind1="1" ind2="0" tag="245">
      <subfield code="a">Wirtschaft und Persönlichkeit im deutschen Lebenskampf</subfield>
      <subfield code="c">Hellmut Wollenweber</subfield>
    </datafield>
    <datafield ind1="3" ind2=" " tag="260">
      <subfield code="a">Berlin</subfield>
      <subfield code="b">Junker u. Dünnhaupt</subfield>
      <subfield code="c">1943</subfield>
    </datafield>
    <datafield ind1=" " ind2=" " tag="300">
      <subfield code="a">318 S.</subfield>
      <subfield code="c">gr. 8</subfield>
    </datafield>
  </record>