
  <record>
    <leader>01102nam a2200277 c 4500</leader>
    <controlfield tag="001">578540649</controlfield>
    <controlfield tag="003">DE-101</controlfield>
    <controlfield tag="005">20110329105937.0</controlfield>
    <controlfield tag="007">tu</controlfield>
    <controlfield tag="008">020820s1971    gw |||||r|||| 00||||ger  </controlfield>
    <datafield ind1=" " ind2=" " tag="015">
      <subfield code="a">00,L01</subfield>
      <subfield code="2">dnb</subfield>
    </datafield>
    <datafield ind1="7" ind2=" " tag="016">
      <subfield code="2">DE-101</subfield>
      <subfield code="a">578540649</subfield>
    </datafield>
    <datafield ind1=" " ind2=" " tag="020">
      <subfield code="c">$ 2.75; geb. : $ 5.75</subfield>
    </datafield>
    <datafield ind1=" " ind2=" " tag="035">
      <subfield code="a">(DE-599)DNB578540649</subfield>
    </datafield>
    <datafield ind1=" " ind2=" " tag="035">
      <subfield code="a">(OCoLC)721220346</subfield>
    </datafield>
    <datafield ind1=" " ind2=" " tag="040">
      <subfield code="a">9999</subfield>
      <subfield code="b">ger</subfield>
      <subfield code="c">DE-101</subfield>
      <subfield code="d">2001</subfield>
    </datafield>
    <datafield ind1=" " ind2=" " tag="041">
      <subfield code="a">ger</subfield>
    </datafield>
    <datafield ind1=" " ind2=" " tag="044">
      <subfield code="c">XA-DE</subfield>
    </datafield>
    <datafield ind1="1" ind2=" " tag="100">
      <subfield code="0">(DE-588)118513451</subfield>
      <subfield code="0">(DE-101)118513451</subfield>
      <subfield code="a">Borchert, Wolfgang</subfield>
      <subfield code="d">1921-1947</subfield>
      <subfield code="4">aut</subfield>
    </datafield>
    <datafield ind1="1" ind2="0" tag="245">
      <subfield code="a">The Man outside [and other prose]</subfield>
      <subfield code="c">Wolfgang Borchert. Transl. from the German by David Porter. Foreword by Kay Boyle. Introd. by Stephen Spender</subfield>
    </datafield>
    <datafield ind1="3" ind2=" " tag="260">
      <subfield code="a">New York</subfield>
      <subfield code="b">New Directions Publishing Corp.</subfield>
      <subfield code="c">1971</subfield>
    </datafield>
    <datafield ind1=" " ind2=" " tag="300">
      <subfield code="a">XVIII, 270 S.</subfield>
      <subfield code="c">8</subfield>
    </datafield>
    <datafield ind1="1" ind2=" " tag="490">
      <subfield code="a">New directions in prose and poetry : [...], Paperbook</subfield>
      <subfield code="v">NDP 319</subfield>
    </datafield>
    <datafield ind1="0" ind2=" " tag="490">
      <subfield code="a">A New Directions Book</subfield>
    </datafield>
    <datafield ind1="0" ind2=" " tag="730">
      <subfield code="a">Draussen vor der Tür</subfield>
      <subfield code="g">engl.</subfield>
    </datafield>
    <datafield ind1=" " ind2="0" tag="830">
      <subfield code="a">New directions in prose and poetry / Paperbook</subfield>
      <subfield code="n">[...]</subfield>
      <subfield code="p">Paperbook</subfield>
      <subfield code="t">New directions in prose and poetry</subfield>
      <subfield code="v">NDP 319</subfield>
      <subfield code="w">(DE-101)019421699</subfield>
      <subfield code="w">(DE-600)1448498-5</subfield>
      <subfield code="9">nd3319</subfield>
    </datafield>
  </record>