
  <record>
    <leader>00834nam a2200253 c 4500</leader>
    <controlfield tag="001">578754703</controlfield>
    <controlfield tag="003">DE-101</controlfield>
    <controlfield tag="005">20040313021117.0</controlfield>
    <controlfield tag="007">tu</controlfield>
    <controlfield tag="008">020905s1941    gw |||||r|||| 00||||ger  </controlfield>
    <datafield ind1=" " ind2=" " tag="015">
      <subfield code="a">00,L01</subfield>
      <subfield code="2">dnb</subfield>
    </datafield>
    <datafield ind1="7" ind2=" " tag="016">
      <subfield code="2">DE-101</subfield>
      <subfield code="a">578754703</subfield>
    </datafield>
    <datafield ind1=" " ind2=" " tag="020">
      <subfield code="c">6.-</subfield>
    </datafield>
    <datafield ind1=" " ind2=" " tag="035">
      <subfield code="a">(DE-599)DNB578754703</subfield>
    </datafield>
    <datafield ind1=" " ind2=" " tag="035">
      <subfield code="a">(OCoLC)260055877</subfield>
    </datafield>
    <datafield ind1=" " ind2=" " tag="040">
      <subfield code="a">9999</subfield>
      <subfield code="b">ger</subfield>
      <subfield code="c">DE-101</subfield>
      <subfield code="d">9999</subfield>
    </datafield>
    <datafield ind1=" " ind2=" " tag="041">
      <subfield code="a">ger</subfield>
    </datafield>
    <datafield ind1=" " ind2=" " tag="044">
      <subfield code="c">XA-DE</subfield>
    </datafield>
    <datafield ind1="1" ind2=" " tag="100">
      <subfield code="0">(DE-588)10129512X</subfield>
      <subfield code="0">(DE-101)10129512X</subfield>
      <subfield code="a">Anwander, Anton</subfield>
      <subfield code="d">1887-</subfield>
      <subfield code="4">aut</subfield>
    </datafield>
    <datafield ind1="1" ind2="0" tag="245">
      <subfield code="a">Gloria Dei</subfield>
      <subfield code="b">Die religiösen Werte in religionsvergleichender Schau</subfield>
      <subfield code="c">Anton Anwander</subfield>
    </datafield>
    <datafield ind1="3" ind2=" " tag="260">
      <subfield code="a">Würzburg</subfield>
      <subfield code="b">C. J. Becker</subfield>
      <subfield code="c">1941</subfield>
    </datafield>
    <datafield ind1=" " ind2=" " tag="300">
      <subfield code="a">XII, 212 S.</subfield>
      <subfield code="c">gr. 8</subfield>
    </datafield>
    <datafield ind1="1" ind2=" " tag="490">
      <subfield code="a">Abhandlungen zur Philosophie und Psychologie der Religion</subfield>
      <subfield code="v">H. 52/53</subfield>
    </datafield>
    <datafield ind1=" " ind2="0" tag="830">
      <subfield code="a">Abhandlungen zur Philosophie und Psychologie der Religion</subfield>
      <subfield code="v">H. 52/53</subfield>
    </datafield>
  </record>