
  <record>
    <leader>00820nam a2200241 c 4500</leader>
    <controlfield tag="001">578793687</controlfield>
    <controlfield tag="003">DE-101</controlfield>
    <controlfield tag="005">20070816074212.0</controlfield>
    <controlfield tag="007">tu</controlfield>
    <controlfield tag="008">020905s1920    gw |||||r|||| 00||||ger  </controlfield>
    <datafield ind1=" " ind2=" " tag="015">
      <subfield code="a">00,L01</subfield>
      <subfield code="2">dnb</subfield>
    </datafield>
    <datafield ind1="7" ind2=" " tag="016">
      <subfield code="2">DE-101</subfield>
      <subfield code="a">578793687</subfield>
    </datafield>
    <datafield ind1=" " ind2=" " tag="035">
      <subfield code="a">(DE-599)DNB578793687</subfield>
    </datafield>
    <datafield ind1=" " ind2=" " tag="035">
      <subfield code="a">(OCoLC)72420211</subfield>
    </datafield>
    <datafield ind1=" " ind2=" " tag="040">
      <subfield code="a">9999</subfield>
      <subfield code="b">ger</subfield>
      <subfield code="c">DE-101</subfield>
      <subfield code="d">1140</subfield>
    </datafield>
    <datafield ind1=" " ind2=" " tag="041">
      <subfield code="a">ger</subfield>
    </datafield>
    <datafield ind1=" " ind2=" " tag="044">
      <subfield code="c">XA-DE</subfield>
    </datafield>
    <datafield ind1="1" ind2=" " tag="100">
      <subfield code="0">(DE-588)116037199</subfield>
      <subfield code="0">(DE-101)116037199</subfield>
      <subfield code="a">Bäßler, Ferdinand</subfield>
      <subfield code="d">1816-1879</subfield>
      <subfield code="4">aut</subfield>
    </datafield>
    <datafield ind1="1" ind2="0" tag="245">
      <subfield code="a">Held Beowulf</subfield>
      <subfield code="c">Ferdinand Bäßler. Hrsg. von d. Lehrervereinigung f. Kunstpflege e. V., Berlin. Mit [eingedr.] Bildern von Pfaehler von Othegraven</subfield>
    </datafield>
    <datafield ind1="3" ind2=" " tag="260">
      <subfield code="a">Reutlingen</subfield>
      <subfield code="b">Enßlin &amp; Laiblin</subfield>
      <subfield code="c">1920</subfield>
    </datafield>
    <datafield ind1=" " ind2=" " tag="300">
      <subfield code="a">32 S.</subfield>
      <subfield code="c">8</subfield>
    </datafield>
    <datafield ind1="1" ind2=" " tag="490">
      <subfield code="a">Bunte Jugendbücher</subfield>
      <subfield code="v">H. 51</subfield>
    </datafield>
    <datafield ind1=" " ind2="0" tag="830">
      <subfield code="a">Bunte Jugendbücher</subfield>
      <subfield code="v">H. 51</subfield>
      <subfield code="w">(DE-101)560088515</subfield>
      <subfield code="9">251</subfield>
    </datafield>
  </record>