
  <record>
    <leader>00856nam a2200265 c 4500</leader>
    <controlfield tag="001">57884897X</controlfield>
    <controlfield tag="003">DE-101</controlfield>
    <controlfield tag="005">20040313024112.0</controlfield>
    <controlfield tag="007">tu</controlfield>
    <controlfield tag="008">020905s1935    gw |||||r|||| 00||||ger  </controlfield>
    <datafield ind1=" " ind2=" " tag="015">
      <subfield code="a">00,L01</subfield>
      <subfield code="2">dnb</subfield>
    </datafield>
    <datafield ind1="7" ind2=" " tag="016">
      <subfield code="2">DE-101</subfield>
      <subfield code="a">57884897X</subfield>
    </datafield>
    <datafield ind1=" " ind2=" " tag="020">
      <subfield code="c">-.50</subfield>
    </datafield>
    <datafield ind1=" " ind2=" " tag="035">
      <subfield code="a">(DE-599)DNB57884897X</subfield>
    </datafield>
    <datafield ind1=" " ind2=" " tag="035">
      <subfield code="a">(OCoLC)72423626</subfield>
    </datafield>
    <datafield ind1=" " ind2=" " tag="040">
      <subfield code="a">9999</subfield>
      <subfield code="b">ger</subfield>
      <subfield code="c">DE-101</subfield>
      <subfield code="d">9999</subfield>
    </datafield>
    <datafield ind1=" " ind2=" " tag="041">
      <subfield code="a">ger</subfield>
    </datafield>
    <datafield ind1=" " ind2=" " tag="044">
      <subfield code="c">XA-DE</subfield>
    </datafield>
    <datafield ind1="1" ind2=" " tag="100">
      <subfield code="0">(DE-588)127411607</subfield>
      <subfield code="0">(DE-101)127411607</subfield>
      <subfield code="a">Bennett, Charles William</subfield>
      <subfield code="4">aut</subfield>
    </datafield>
    <datafield ind1="1" ind2="0" tag="245">
      <subfield code="a">The Song of Beowulf</subfield>
      <subfield code="c">Retold C. Benet. Bearb. von J. Kirchhoff</subfield>
    </datafield>
    <datafield ind1="3" ind2=" " tag="260">
      <subfield code="a">Paderborn</subfield>
      <subfield code="a">Würzburg</subfield>
      <subfield code="b">Schöningh</subfield>
      <subfield code="c">1935, [1935]</subfield>
    </datafield>
    <datafield ind1=" " ind2=" " tag="300">
      <subfield code="a">48 S.</subfield>
      <subfield code="b">mit Abb.</subfield>
      <subfield code="c">kl. 8</subfield>
    </datafield>
    <datafield ind1="1" ind2=" " tag="490">
      <subfield code="a">Schöninghs englische Lesebogen</subfield>
      <subfield code="v">Nr 44</subfield>
    </datafield>
    <datafield ind1="1" ind2=" " tag="700">
      <subfield code="0">(DE-588)106035428</subfield>
      <subfield code="0">(DE-101)106035428</subfield>
      <subfield code="a">Kirchhoff, Josef</subfield>
      <subfield code="4">cre</subfield>
    </datafield>
    <datafield ind1=" " ind2="0" tag="830">
      <subfield code="a">Schöninghs englische Lesebogen</subfield>
      <subfield code="v">Nr 44</subfield>
    </datafield>
  </record>