
  <record>
    <leader>01035nam a2200289 c 4500</leader>
    <controlfield tag="001">578851474</controlfield>
    <controlfield tag="003">DE-101</controlfield>
    <controlfield tag="005">20040313024140.0</controlfield>
    <controlfield tag="007">tu</controlfield>
    <controlfield tag="008">020905s1918    gw |||||r|||| 00||||ger  </controlfield>
    <datafield ind1=" " ind2=" " tag="015">
      <subfield code="a">00,L01</subfield>
      <subfield code="2">dnb</subfield>
    </datafield>
    <datafield ind1="7" ind2=" " tag="016">
      <subfield code="2">DE-101</subfield>
      <subfield code="a">578851474</subfield>
    </datafield>
    <datafield ind1=" " ind2=" " tag="035">
      <subfield code="a">(DE-599)DNB578851474</subfield>
    </datafield>
    <datafield ind1=" " ind2=" " tag="035">
      <subfield code="a">(OCoLC)721417428</subfield>
    </datafield>
    <datafield ind1=" " ind2=" " tag="040">
      <subfield code="a">9999</subfield>
      <subfield code="b">ger</subfield>
      <subfield code="c">DE-101</subfield>
      <subfield code="d">9999</subfield>
    </datafield>
    <datafield ind1=" " ind2=" " tag="041">
      <subfield code="a">ger</subfield>
    </datafield>
    <datafield ind1=" " ind2=" " tag="044">
      <subfield code="c">XA-DE</subfield>
    </datafield>
    <datafield ind1="1" ind2="0" tag="245">
      <subfield code="a">Beowulf</subfield>
      <subfield code="b">Mit ausführl. Glossar</subfield>
      <subfield code="c">hrsg. von Moritz Heyne</subfield>
    </datafield>
    <datafield ind1=" " ind2=" " tag="250">
      <subfield code="a">11. u. 12. Aufl.</subfield>
      <subfield code="b"> / bearb. von Levin L. Schücking</subfield>
    </datafield>
    <datafield ind1="3" ind2=" " tag="260">
      <subfield code="a">Paderborn</subfield>
      <subfield code="b">Schöningh</subfield>
      <subfield code="c">1918</subfield>
    </datafield>
    <datafield ind1=" " ind2=" " tag="300">
      <subfield code="a">327 S.</subfield>
      <subfield code="c">8</subfield>
    </datafield>
    <datafield ind1="1" ind2=" " tag="490">
      <subfield code="a">Angelsächsische Denkmäler</subfield>
      <subfield code="v">T. 1</subfield>
    </datafield>
    <datafield ind1="1" ind2=" " tag="490">
      <subfield code="a">Bibliothek der ältesten deutschen Literaturdenkmäler</subfield>
      <subfield code="v">Bd. 3</subfield>
    </datafield>
    <datafield ind1="1" ind2=" " tag="700">
      <subfield code="0">(DE-588)116793465</subfield>
      <subfield code="0">(DE-101)116793465</subfield>
      <subfield code="a">Heyne, Moritz</subfield>
      <subfield code="d">1837-1906</subfield>
      <subfield code="4">cre</subfield>
    </datafield>
    <datafield ind1="1" ind2=" " tag="700">
      <subfield code="0">(DE-588)117124931</subfield>
      <subfield code="0">(DE-101)117124931</subfield>
      <subfield code="a">Schücking, Levin Ludwig</subfield>
      <subfield code="d">1878-1964</subfield>
      <subfield code="4">cre</subfield>
    </datafield>
    <datafield ind1=" " ind2="0" tag="830">
      <subfield code="a">Angelsächsische Denkmäler</subfield>
      <subfield code="v">T. 1</subfield>
    </datafield>
    <datafield ind1=" " ind2="0" tag="830">
      <subfield code="a">Bibliothek der ältesten deutschen Literaturdenkmäler</subfield>
      <subfield code="v">Bd. 3</subfield>
    </datafield>
  </record>