
  <record>
    <leader>00979nam a2200289 c 4500</leader>
    <controlfield tag="001">578851482</controlfield>
    <controlfield tag="003">DE-101</controlfield>
    <controlfield tag="005">20080709072453.0</controlfield>
    <controlfield tag="007">tu</controlfield>
    <controlfield tag="008">020905s1921    gw |||||r|||| 00||||ger  </controlfield>
    <datafield ind1=" " ind2=" " tag="015">
      <subfield code="a">00,L01</subfield>
      <subfield code="2">dnb</subfield>
    </datafield>
    <datafield ind1="7" ind2=" " tag="016">
      <subfield code="2">DE-101</subfield>
      <subfield code="a">578851482</subfield>
    </datafield>
    <datafield ind1=" " ind2=" " tag="020">
      <subfield code="c">b 100.-</subfield>
    </datafield>
    <datafield ind1=" " ind2=" " tag="035">
      <subfield code="a">(DE-599)DNB578851482</subfield>
    </datafield>
    <datafield ind1=" " ind2=" " tag="035">
      <subfield code="a">(OCoLC)72423771</subfield>
    </datafield>
    <datafield ind1=" " ind2=" " tag="040">
      <subfield code="a">9999</subfield>
      <subfield code="b">ger</subfield>
      <subfield code="c">DE-101</subfield>
      <subfield code="d">2001</subfield>
    </datafield>
    <datafield ind1=" " ind2=" " tag="041">
      <subfield code="a">ger</subfield>
    </datafield>
    <datafield ind1=" " ind2=" " tag="044">
      <subfield code="c">XA-DE</subfield>
    </datafield>
    <datafield ind1="1" ind2="0" tag="245">
      <subfield code="a">Das Beowulfslied</subfield>
      <subfield code="b">nebst d. kleineren epischen, lyr., didakt. u. geschichtl. Stücken</subfield>
      <subfield code="c">Hrsg. von Richard Paul Wülcker</subfield>
    </datafield>
    <datafield ind1=" " ind2=" " tag="250">
      <subfield code="a">Anast. Neudr. [d. Ausg.] 1883</subfield>
    </datafield>
    <datafield ind1=" " ind2=" " tag="259">
      <subfield code="a">ndr</subfield>
    </datafield>
    <datafield ind1="3" ind2=" " tag="260">
      <subfield code="a">Hamburg</subfield>
      <subfield code="b">H. Grand</subfield>
      <subfield code="c">1921</subfield>
    </datafield>
    <datafield ind1=" " ind2=" " tag="300">
      <subfield code="a">X, 422 S.</subfield>
      <subfield code="b">2 Doppeltaf.</subfield>
      <subfield code="c">gr. 8</subfield>
      <subfield code="e">(Mit 4 photolithogr. Beil.)</subfield>
    </datafield>
    <datafield ind1="1" ind2=" " tag="490">
      <subfield code="a">Bibliothek der angelsächsischen Poesie</subfield>
      <subfield code="v">[1]</subfield>
    </datafield>
    <datafield ind1="1" ind2=" " tag="700">
      <subfield code="0">(DE-588)117432296</subfield>
      <subfield code="0">(DE-101)117432296</subfield>
      <subfield code="a">Wülker, Richard Paul</subfield>
      <subfield code="d">1845-1910</subfield>
      <subfield code="4">cre</subfield>
    </datafield>
    <datafield ind1="0" ind2=" " tag="730">
      <subfield code="a">Bēowulf</subfield>
      <subfield code="g">dt.</subfield>
    </datafield>
    <datafield ind1=" " ind2="0" tag="830">
      <subfield code="a">Bibliothek der angelsächsischen Poesie</subfield>
      <subfield code="v">[1]</subfield>
      <subfield code="9">11</subfield>
    </datafield>
  </record>