
  <record>
    <leader>01010nam a2200277 c 4500</leader>
    <controlfield tag="001">578851490</controlfield>
    <controlfield tag="003">DE-101</controlfield>
    <controlfield tag="005">20081223030224.0</controlfield>
    <controlfield tag="007">tu</controlfield>
    <controlfield tag="008">020905s1929    gw |||||r|||| 00||||ger  </controlfield>
    <datafield ind1=" " ind2=" " tag="015">
      <subfield code="a">00,L01</subfield>
      <subfield code="2">dnb</subfield>
    </datafield>
    <datafield ind1="7" ind2=" " tag="016">
      <subfield code="2">DE-101</subfield>
      <subfield code="a">578851490</subfield>
    </datafield>
    <datafield ind1=" " ind2=" " tag="020">
      <subfield code="c">7.50; geb. : 9.30</subfield>
    </datafield>
    <datafield ind1=" " ind2=" " tag="035">
      <subfield code="a">(DE-599)DNB578851490</subfield>
    </datafield>
    <datafield ind1=" " ind2=" " tag="035">
      <subfield code="a">(OCoLC)247227913</subfield>
    </datafield>
    <datafield ind1=" " ind2=" " tag="040">
      <subfield code="a">9999</subfield>
      <subfield code="b">ger</subfield>
      <subfield code="c">DE-101</subfield>
      <subfield code="d">9999</subfield>
    </datafield>
    <datafield ind1=" " ind2=" " tag="041">
      <subfield code="a">ger</subfield>
    </datafield>
    <datafield ind1=" " ind2=" " tag="044">
      <subfield code="c">XA-DE</subfield>
    </datafield>
    <datafield ind1="1" ind2="0" tag="245">
      <subfield code="a">Beowulf</subfield>
      <subfield code="b">Mit ausführl. Glossar</subfield>
      <subfield code="c">hrsg. von Moritz Heyne</subfield>
    </datafield>
    <datafield ind1=" " ind2=" " tag="250">
      <subfield code="a">13. Aufl., bearb.</subfield>
      <subfield code="b"> / von Levin L. Schücking</subfield>
    </datafield>
    <datafield ind1="3" ind2=" " tag="260">
      <subfield code="a">Paderborn</subfield>
      <subfield code="b">F. Schöningh</subfield>
      <subfield code="c">1929</subfield>
    </datafield>
    <datafield ind1=" " ind2=" " tag="300">
      <subfield code="a">XII, 324 S.</subfield>
      <subfield code="c">8</subfield>
    </datafield>
    <datafield ind1="1" ind2=" " tag="490">
      <subfield code="a">Bibliothek der ältesten deutschen Literatur-Denkmäler : Bd. 3. Angelsächsische Denkmäler</subfield>
      <subfield code="v">Tl 1</subfield>
    </datafield>
    <datafield ind1="1" ind2=" " tag="700">
      <subfield code="0">(DE-588)116793465</subfield>
      <subfield code="0">(DE-101)116793465</subfield>
      <subfield code="a">Heyne, Moritz</subfield>
      <subfield code="d">1837-1906</subfield>
      <subfield code="4">cre</subfield>
    </datafield>
    <datafield ind1="1" ind2=" " tag="700">
      <subfield code="0">(DE-588)117124931</subfield>
      <subfield code="0">(DE-101)117124931</subfield>
      <subfield code="a">Schücking, Levin Ludwig</subfield>
      <subfield code="d">1878-1964</subfield>
      <subfield code="4">cre</subfield>
    </datafield>
    <datafield ind1=" " ind2="0" tag="830">
      <subfield code="a">Bibliothek der ältesten deutschen Literatur-Denkmäler</subfield>
      <subfield code="v">Tl 1</subfield>
    </datafield>
  </record>