
  <record>
    <leader>00854nam a2200253 c 4500</leader>
    <controlfield tag="001">578851504</controlfield>
    <controlfield tag="003">DE-101</controlfield>
    <controlfield tag="005">20120630023225.0</controlfield>
    <controlfield tag="007">tu</controlfield>
    <controlfield tag="008">020905s1935    gw |||||r|||| 00||||ger  </controlfield>
    <datafield ind1=" " ind2=" " tag="015">
      <subfield code="a">00,L01</subfield>
      <subfield code="2">dnb</subfield>
    </datafield>
    <datafield ind1="7" ind2=" " tag="016">
      <subfield code="2">DE-101</subfield>
      <subfield code="a">578851504</subfield>
    </datafield>
    <datafield ind1=" " ind2=" " tag="020">
      <subfield code="c">-.75</subfield>
    </datafield>
    <datafield ind1=" " ind2=" " tag="035">
      <subfield code="a">(DE-599)DNB578851504</subfield>
    </datafield>
    <datafield ind1=" " ind2=" " tag="035">
      <subfield code="a">(OCoLC)72423772</subfield>
    </datafield>
    <datafield ind1=" " ind2=" " tag="040">
      <subfield code="a">9999</subfield>
      <subfield code="b">ger</subfield>
      <subfield code="c">DE-101</subfield>
      <subfield code="d">9999</subfield>
    </datafield>
    <datafield ind1=" " ind2=" " tag="041">
      <subfield code="a">ger</subfield>
    </datafield>
    <datafield ind1=" " ind2=" " tag="044">
      <subfield code="c">XA-DE</subfield>
    </datafield>
    <datafield ind1="1" ind2="0" tag="245">
      <subfield code="a">Beowulf</subfield>
      <subfield code="b">a summary with extracts ; transl. in the orig. metre and notes</subfield>
      <subfield code="c">compiled and selected by Theodor Göhler</subfield>
    </datafield>
    <datafield ind1="3" ind2=" " tag="260">
      <subfield code="a">Frankfurt a. M.</subfield>
      <subfield code="b">Diesterweg</subfield>
      <subfield code="c">1935</subfield>
    </datafield>
    <datafield ind1=" " ind2=" " tag="300">
      <subfield code="a">48 S.</subfield>
      <subfield code="c">kl. 8</subfield>
    </datafield>
    <datafield ind1="1" ind2=" " tag="490">
      <subfield code="a">Diesterwegs neusprachliche Lesehefte</subfield>
      <subfield code="v">Nr. 230</subfield>
    </datafield>
    <datafield ind1="1" ind2=" " tag="700">
      <subfield code="0">(DE-588)105722480</subfield>
      <subfield code="0">(DE-101)105722480</subfield>
      <subfield code="a">Göhler, Theodor</subfield>
      <subfield code="4">cre</subfield>
    </datafield>
    <datafield ind1=" " ind2="0" tag="830">
      <subfield code="a">Diesterwegs neusprachliche Lesehefte</subfield>
      <subfield code="v">Nr. 230</subfield>
      <subfield code="w">(DE-101)100740065X</subfield>
      <subfield code="w">(DE-600)2576050-6</subfield>
      <subfield code="9">3230</subfield>
    </datafield>
  </record>