
  <record>
    <leader>00717nam a2200241 c 4500</leader>
    <controlfield tag="001">578894963</controlfield>
    <controlfield tag="003">DE-101</controlfield>
    <controlfield tag="005">20040313024901.0</controlfield>
    <controlfield tag="007">tu</controlfield>
    <controlfield tag="008">020905s1920    gw |||||r|||| 00||||ger  </controlfield>
    <datafield ind1=" " ind2=" " tag="015">
      <subfield code="a">00,L01</subfield>
      <subfield code="2">dnb</subfield>
    </datafield>
    <datafield ind1="7" ind2=" " tag="016">
      <subfield code="2">DE-101</subfield>
      <subfield code="a">578894963</subfield>
    </datafield>
    <datafield ind1=" " ind2=" " tag="035">
      <subfield code="a">(DE-599)DNB578894963</subfield>
    </datafield>
    <datafield ind1=" " ind2=" " tag="035">
      <subfield code="a">(OCoLC)721442874</subfield>
    </datafield>
    <datafield ind1=" " ind2=" " tag="040">
      <subfield code="a">9999</subfield>
      <subfield code="b">ger</subfield>
      <subfield code="c">DE-101</subfield>
      <subfield code="d">9999</subfield>
    </datafield>
    <datafield ind1=" " ind2=" " tag="041">
      <subfield code="a">ger</subfield>
    </datafield>
    <datafield ind1=" " ind2=" " tag="044">
      <subfield code="c">XA-DE</subfield>
    </datafield>
    <datafield ind1="1" ind2=" " tag="100">
      <subfield code="0">(DE-588)117604887</subfield>
      <subfield code="0">(DE-101)117604887</subfield>
      <subfield code="a">Bjoerkmann, Erik</subfield>
      <subfield code="4">aut</subfield>
    </datafield>
    <datafield ind1="1" ind2="0" tag="245">
      <subfield code="a">Studien über die Eigennamen im Beowulf</subfield>
      <subfield code="c">von Erik Björkmann</subfield>
    </datafield>
    <datafield ind1="3" ind2=" " tag="260">
      <subfield code="a">Halle a. S.</subfield>
      <subfield code="b">Niemeyer</subfield>
      <subfield code="c">1920</subfield>
    </datafield>
    <datafield ind1=" " ind2=" " tag="300">
      <subfield code="a">XVII, 122 S.</subfield>
      <subfield code="c">8</subfield>
    </datafield>
    <datafield ind1="1" ind2=" " tag="490">
      <subfield code="a">Studien zur englischen Philologie</subfield>
      <subfield code="v">58</subfield>
    </datafield>
    <datafield ind1=" " ind2="0" tag="830">
      <subfield code="a">Studien zur englischen Philologie</subfield>
      <subfield code="v">58</subfield>
    </datafield>
  </record>