
  <record>
    <leader>00842nam a2200229 c 4500</leader>
    <controlfield tag="001">579599310</controlfield>
    <controlfield tag="003">DE-101</controlfield>
    <controlfield tag="005">20081218124349.0</controlfield>
    <controlfield tag="007">tu</controlfield>
    <controlfield tag="008">030205s1917    gw |||||r|||| 00||||ger  </controlfield>
    <datafield ind1=" " ind2=" " tag="015">
      <subfield code="a">00,L01</subfield>
      <subfield code="2">dnb</subfield>
    </datafield>
    <datafield ind1="7" ind2=" " tag="016">
      <subfield code="2">DE-101</subfield>
      <subfield code="a">579599310</subfield>
    </datafield>
    <datafield ind1=" " ind2=" " tag="035">
      <subfield code="a">(DE-599)DNB579599310</subfield>
    </datafield>
    <datafield ind1=" " ind2=" " tag="035">
      <subfield code="a">(OCoLC)72492836</subfield>
    </datafield>
    <datafield ind1=" " ind2=" " tag="040">
      <subfield code="a">1140</subfield>
      <subfield code="b">ger</subfield>
      <subfield code="c">DE-101</subfield>
      <subfield code="d">1240</subfield>
    </datafield>
    <datafield ind1=" " ind2=" " tag="041">
      <subfield code="a">ger</subfield>
    </datafield>
    <datafield ind1=" " ind2=" " tag="044">
      <subfield code="c">XA-DE</subfield>
    </datafield>
    <datafield ind1="1" ind2=" " tag="100">
      <subfield code="0">(DE-588)118753606</subfield>
      <subfield code="0">(DE-101)118753606</subfield>
      <subfield code="a">Stern, Erich</subfield>
      <subfield code="d">1889-1959</subfield>
      <subfield code="4">aut</subfield>
    </datafield>
    <datafield ind1="1" ind2="0" tag="245">
      <subfield code="a">Beiträge zur Psychologie der Wertung, mit besonderer Berücksichtigung des Einflusses der Zeitstufe der Realisierung auf die Phänomenologie des Wertungserlebnisses und des Problems der Rangordnung der Werte</subfield>
      <subfield code="c">Erich Stern</subfield>
    </datafield>
    <datafield ind1="3" ind2=" " tag="260">
      <subfield code="a">Strassburg i. E.</subfield>
      <subfield code="b">Strassburger Dr. u. Verlagsanst.</subfield>
      <subfield code="c">1917</subfield>
    </datafield>
    <datafield ind1=" " ind2=" " tag="300">
      <subfield code="a">40 S.</subfield>
      <subfield code="c">8</subfield>
    </datafield>
    <datafield ind1=" " ind2=" " tag="502">
      <subfield code="a">Gießen, Phil. Diss., 1917</subfield>
    </datafield>
  </record>