
  <record>
    <leader>00929nam a2200265 c 4500</leader>
    <controlfield tag="001">579688682</controlfield>
    <controlfield tag="003">DE-101</controlfield>
    <controlfield tag="005">20040313052015.0</controlfield>
    <controlfield tag="007">tu</controlfield>
    <controlfield tag="008">030205s1913    gw |||||r|||| 00||||ger  </controlfield>
    <datafield ind1=" " ind2=" " tag="015">
      <subfield code="a">00,L01</subfield>
      <subfield code="2">dnb</subfield>
    </datafield>
    <datafield ind1="7" ind2=" " tag="016">
      <subfield code="2">DE-101</subfield>
      <subfield code="a">579688682</subfield>
    </datafield>
    <datafield ind1=" " ind2=" " tag="035">
      <subfield code="a">(DE-599)DNB579688682</subfield>
    </datafield>
    <datafield ind1=" " ind2=" " tag="035">
      <subfield code="a">(OCoLC)721425898</subfield>
    </datafield>
    <datafield ind1=" " ind2=" " tag="040">
      <subfield code="a">1140</subfield>
      <subfield code="b">ger</subfield>
      <subfield code="c">DE-101</subfield>
      <subfield code="d">9999</subfield>
    </datafield>
    <datafield ind1=" " ind2=" " tag="041">
      <subfield code="a">ger</subfield>
    </datafield>
    <datafield ind1=" " ind2=" " tag="044">
      <subfield code="c">XA-DE</subfield>
    </datafield>
    <datafield ind1="1" ind2=" " tag="100">
      <subfield code="0">(DE-588)118528068</subfield>
      <subfield code="0">(DE-101)118528068</subfield>
      <subfield code="a">Dumas, Alexandre</subfield>
      <subfield code="d">1802-1870</subfield>
      <subfield code="4">aut</subfield>
    </datafield>
    <datafield ind1="1" ind2="0" tag="245">
      <subfield code="a">Die drei Musketiere</subfield>
      <subfield code="b">Roman in 2 Teilen</subfield>
      <subfield code="c">Alexander Dumas. Aus d. Franz. übers. u. eingel. v. Ulrich Rauscher. Mit vielen Bild. v. Philippotean</subfield>
    </datafield>
    <datafield ind1="3" ind2=" " tag="260">
      <subfield code="a">Strassburg</subfield>
      <subfield code="a">Leipzig</subfield>
      <subfield code="b">Singer</subfield>
      <subfield code="c">1913, [1913]</subfield>
    </datafield>
    <datafield ind1=" " ind2=" " tag="300">
      <subfield code="a">600 S.</subfield>
      <subfield code="c">8</subfield>
    </datafield>
    <datafield ind1="1" ind2=" " tag="490">
      <subfield code="a">Helden und Schelme</subfield>
      <subfield code="v">[5]</subfield>
    </datafield>
    <datafield ind1="1" ind2=" " tag="700">
      <subfield code="0">(DE-588)118749323</subfield>
      <subfield code="0">(DE-101)118749323</subfield>
      <subfield code="a">Rauscher, Ulrich</subfield>
      <subfield code="d">1884-1930</subfield>
      <subfield code="4">cre</subfield>
    </datafield>
    <datafield ind1="0" ind2=" " tag="730">
      <subfield code="a">Les trois Mousquetaires</subfield>
      <subfield code="g">dt.</subfield>
    </datafield>
    <datafield ind1=" " ind2="0" tag="830">
      <subfield code="a">Helden und Schelme</subfield>
      <subfield code="v">[5]</subfield>
    </datafield>
  </record>