
  <record>
    <leader>00961nam a2200253 c 4500</leader>
    <controlfield tag="001">57968881X</controlfield>
    <controlfield tag="003">DE-101</controlfield>
    <controlfield tag="005">20081204030024.0</controlfield>
    <controlfield tag="007">tu</controlfield>
    <controlfield tag="008">030205s1920    gw |||||r|||| 00||||ger  </controlfield>
    <datafield ind1=" " ind2=" " tag="015">
      <subfield code="a">00,L01</subfield>
      <subfield code="2">dnb</subfield>
    </datafield>
    <datafield ind1="7" ind2=" " tag="016">
      <subfield code="2">DE-101</subfield>
      <subfield code="a">57968881X</subfield>
    </datafield>
    <datafield ind1=" " ind2=" " tag="035">
      <subfield code="a">(DE-599)DNB57968881X</subfield>
    </datafield>
    <datafield ind1=" " ind2=" " tag="035">
      <subfield code="a">(OCoLC)72498554</subfield>
    </datafield>
    <datafield ind1=" " ind2=" " tag="040">
      <subfield code="a">1140</subfield>
      <subfield code="b">ger</subfield>
      <subfield code="c">DE-101</subfield>
      <subfield code="d">9999</subfield>
    </datafield>
    <datafield ind1=" " ind2=" " tag="041">
      <subfield code="a">ger</subfield>
    </datafield>
    <datafield ind1=" " ind2=" " tag="044">
      <subfield code="c">XA-DE</subfield>
    </datafield>
    <datafield ind1="1" ind2=" " tag="100">
      <subfield code="0">(DE-588)118528068</subfield>
      <subfield code="0">(DE-101)118528068</subfield>
      <subfield code="a">Dumas, Alexandre</subfield>
      <subfield code="d">1802-1870</subfield>
      <subfield code="4">aut</subfield>
    </datafield>
    <datafield ind1="1" ind2="0" tag="245">
      <subfield code="a">Zwanzig Jahre später</subfield>
      <subfield code="b">Forts. d. Romans "Die drei Musketiere"</subfield>
      <subfield code="c">Alexander Dumas. Aus d. Französischen</subfield>
    </datafield>
    <datafield ind1="3" ind2=" " tag="260">
      <subfield code="a">Berlin</subfield>
      <subfield code="b">Mitteldt. Verl. Anst. Lehmann &amp; Fink</subfield>
      <subfield code="c">1920, [um 1920]</subfield>
    </datafield>
    <datafield ind1=" " ind2=" " tag="300">
      <subfield code="a">VIII, 842 S.</subfield>
      <subfield code="c">kl. 8</subfield>
    </datafield>
    <datafield ind1="1" ind2=" " tag="490">
      <subfield code="a">Bibliothek der Gesamtlitteratur des In- und Auslandes</subfield>
      <subfield code="v">Nr. [1084/1094]</subfield>
    </datafield>
    <datafield ind1="0" ind2=" " tag="730">
      <subfield code="a">Vingt ans après</subfield>
      <subfield code="g">dt.</subfield>
    </datafield>
    <datafield ind1=" " ind2="0" tag="830">
      <subfield code="a">Bibliothek der Gesamtlitteratur des In- und Auslandes</subfield>
      <subfield code="v">Nr. [1084/1094]</subfield>
      <subfield code="w">(DE-101)011551909</subfield>
      <subfield code="w">(DE-600)256353-8</subfield>
      <subfield code="9">41084 41094</subfield>
    </datafield>
  </record>