
  <record>
    <leader>01058nam a2200301 c 4500</leader>
    <controlfield tag="001">579688836</controlfield>
    <controlfield tag="003">DE-101</controlfield>
    <controlfield tag="005">20100114071554.0</controlfield>
    <controlfield tag="007">tu</controlfield>
    <controlfield tag="008">030205s1926    gw |||||r|||| 00||||ger  </controlfield>
    <datafield ind1=" " ind2=" " tag="015">
      <subfield code="a">00,L01</subfield>
      <subfield code="2">dnb</subfield>
    </datafield>
    <datafield ind1="7" ind2=" " tag="016">
      <subfield code="2">DE-101</subfield>
      <subfield code="a">579688836</subfield>
    </datafield>
    <datafield ind1=" " ind2=" " tag="020">
      <subfield code="c">Hlw. : 1.85</subfield>
    </datafield>
    <datafield ind1=" " ind2=" " tag="035">
      <subfield code="a">(DE-599)DNB579688836</subfield>
    </datafield>
    <datafield ind1=" " ind2=" " tag="035">
      <subfield code="a">(OCoLC)72498556</subfield>
    </datafield>
    <datafield ind1=" " ind2=" " tag="040">
      <subfield code="a">1140</subfield>
      <subfield code="b">ger</subfield>
      <subfield code="c">DE-101</subfield>
      <subfield code="d">2001</subfield>
    </datafield>
    <datafield ind1=" " ind2=" " tag="041">
      <subfield code="a">ger</subfield>
    </datafield>
    <datafield ind1=" " ind2=" " tag="044">
      <subfield code="c">XA-DE</subfield>
    </datafield>
    <datafield ind1="1" ind2=" " tag="100">
      <subfield code="0">(DE-588)118528068</subfield>
      <subfield code="0">(DE-101)118528068</subfield>
      <subfield code="a">Dumas, Alexandre</subfield>
      <subfield code="d">1802-1870</subfield>
      <subfield code="4">aut</subfield>
    </datafield>
    <datafield ind1="1" ind2="0" tag="245">
      <subfield code="a">Zwanzig Jahre nachher</subfield>
      <subfield code="b">histor. Roman</subfield>
      <subfield code="c">Alexander Dumas. Neu bearb. von Wilhelm Cremer</subfield>
    </datafield>
    <datafield ind1="3" ind2=" " tag="260">
      <subfield code="a">Berlin</subfield>
      <subfield code="b">Verlag d. Schiller-Buchhandlg</subfield>
      <subfield code="c">1926, [1926]</subfield>
    </datafield>
    <datafield ind1=" " ind2=" " tag="300">
      <subfield code="a">319 S.</subfield>
      <subfield code="c">8</subfield>
    </datafield>
    <datafield ind1="1" ind2=" " tag="490">
      <subfield code="a">Die drei Musketiere / Dumas</subfield>
      <subfield code="v">Forts.</subfield>
    </datafield>
    <datafield ind1="1" ind2=" " tag="490">
      <subfield code="a">[Die Bunten Romane der Weltliteratur]</subfield>
      <subfield code="v">[58]</subfield>
    </datafield>
    <datafield ind1="1" ind2=" " tag="700">
      <subfield code="0">(DE-588)11672563X</subfield>
      <subfield code="0">(DE-101)11672563X</subfield>
      <subfield code="a">Cremer, Wilhelm</subfield>
      <subfield code="d">1874-1932</subfield>
      <subfield code="4">cre</subfield>
    </datafield>
    <datafield ind1="0" ind2=" " tag="730">
      <subfield code="a">Vingt ans après</subfield>
      <subfield code="g">dt.</subfield>
    </datafield>
    <datafield ind1=" " ind2="0" tag="830">
      <subfield code="a">Die drei Musketiere / Dumas</subfield>
      <subfield code="v">Forts.</subfield>
      <subfield code="9">49999fo</subfield>
    </datafield>
    <datafield ind1=" " ind2="0" tag="830">
      <subfield code="a">[Die Bunten Romane der Weltliteratur]</subfield>
      <subfield code="v">[58]</subfield>
      <subfield code="9">258</subfield>
    </datafield>
  </record>