
  <record>
    <leader>00940nam a2200265 c 4500</leader>
    <controlfield tag="001">579716015</controlfield>
    <controlfield tag="003">DE-101</controlfield>
    <controlfield tag="005">20130417010014.0</controlfield>
    <controlfield tag="007">tu</controlfield>
    <controlfield tag="008">030205s1927    gw |||||r|||| 00||||ger  </controlfield>
    <datafield ind1=" " ind2=" " tag="015">
      <subfield code="a">00,L01</subfield>
      <subfield code="2">dnb</subfield>
    </datafield>
    <datafield ind1="7" ind2=" " tag="016">
      <subfield code="2">DE-101</subfield>
      <subfield code="a">579716015</subfield>
    </datafield>
    <datafield ind1=" " ind2=" " tag="020">
      <subfield code="c">Ausg. A mit farb. Umschl. -.20; Ausg. B Hlw. : -.40; Ausg. C mit einf. Titels. -.15; Geschenkausg. Hlw. : 1.75</subfield>
    </datafield>
    <datafield ind1=" " ind2=" " tag="035">
      <subfield code="a">(DE-599)DNB579716015</subfield>
    </datafield>
    <datafield ind1=" " ind2=" " tag="035">
      <subfield code="a">(OCoLC)72500511</subfield>
    </datafield>
    <datafield ind1=" " ind2=" " tag="040">
      <subfield code="a">1140</subfield>
      <subfield code="b">ger</subfield>
      <subfield code="c">DE-101</subfield>
      <subfield code="d">9999</subfield>
    </datafield>
    <datafield ind1=" " ind2=" " tag="041">
      <subfield code="a">ger</subfield>
    </datafield>
    <datafield ind1=" " ind2=" " tag="044">
      <subfield code="c">XA-DE</subfield>
    </datafield>
    <datafield ind1="1" ind2=" " tag="100">
      <subfield code="0">(DE-588)1018400796</subfield>
      <subfield code="0">(DE-101)1018400796</subfield>
      <subfield code="a">Eicke, Hermann</subfield>
      <subfield code="d">1885-1959</subfield>
      <subfield code="4">aut</subfield>
    </datafield>
    <datafield ind1="1" ind2="0" tag="245">
      <subfield code="a">Beowulf</subfield>
      <subfield code="b">[Nordlandsage]</subfield>
      <subfield code="c">[Übertr. Hermann Eicke]</subfield>
    </datafield>
    <datafield ind1="3" ind2=" " tag="260">
      <subfield code="a">Berlin</subfield>
      <subfield code="b">H. Hillger</subfield>
      <subfield code="c">1927, [1927]</subfield>
    </datafield>
    <datafield ind1=" " ind2=" " tag="300">
      <subfield code="a">31 S.</subfield>
      <subfield code="c">8</subfield>
    </datafield>
    <datafield ind1="1" ind2=" " tag="490">
      <subfield code="a">Deutsche Jugendbücherei</subfield>
      <subfield code="v">Nr. 284</subfield>
    </datafield>
    <datafield ind1=" " ind2=" " tag="500">
      <subfield code="a">Aus: Eicke: Nordlandhelden. Ein Sagenbuch</subfield>
    </datafield>
    <datafield ind1=" " ind2="0" tag="830">
      <subfield code="a">Deutsche Jugendbücherei</subfield>
      <subfield code="v">Nr. 284</subfield>
      <subfield code="w">(DE-101)021697019</subfield>
      <subfield code="w">(DE-600)2045131-3</subfield>
      <subfield code="9">3284</subfield>
    </datafield>
  </record>