
  <record>
    <leader>01003nam a2200277 c 4500</leader>
    <controlfield tag="001">579845788</controlfield>
    <controlfield tag="003">DE-101</controlfield>
    <controlfield tag="005">20070424162205.0</controlfield>
    <controlfield tag="007">tu</controlfield>
    <controlfield tag="008">030205s1928    gw |||||r|||| 00||||ger  </controlfield>
    <datafield ind1=" " ind2=" " tag="015">
      <subfield code="a">00,L01</subfield>
      <subfield code="2">dnb</subfield>
    </datafield>
    <datafield ind1="7" ind2=" " tag="016">
      <subfield code="2">DE-101</subfield>
      <subfield code="a">579845788</subfield>
    </datafield>
    <datafield ind1=" " ind2=" " tag="020">
      <subfield code="c">n.n. -.85</subfield>
    </datafield>
    <datafield ind1=" " ind2=" " tag="035">
      <subfield code="a">(DE-599)DNB579845788</subfield>
    </datafield>
    <datafield ind1=" " ind2=" " tag="035">
      <subfield code="a">(OCoLC)46287037</subfield>
    </datafield>
    <datafield ind1=" " ind2=" " tag="040">
      <subfield code="a">1140</subfield>
      <subfield code="b">ger</subfield>
      <subfield code="c">DE-101</subfield>
      <subfield code="d">2001</subfield>
    </datafield>
    <datafield ind1=" " ind2=" " tag="041">
      <subfield code="a">ger</subfield>
    </datafield>
    <datafield ind1=" " ind2=" " tag="044">
      <subfield code="c">XA-DE</subfield>
    </datafield>
    <datafield ind1="1" ind2=" " tag="100">
      <subfield code="0">(DE-588)118692046</subfield>
      <subfield code="0">(DE-101)118692046</subfield>
      <subfield code="a">Förster, Max</subfield>
      <subfield code="d">1869-1954</subfield>
      <subfield code="4">aut</subfield>
    </datafield>
    <datafield ind1="1" ind2="0" tag="245">
      <subfield code="a">Beowulf-Materalien zum Gebrauch bei Vorlesungen</subfield>
      <subfield code="c">Zsgest. Max Förster</subfield>
    </datafield>
    <datafield ind1=" " ind2=" " tag="250">
      <subfield code="a">5. verb. Aufl.</subfield>
    </datafield>
    <datafield ind1=" " ind2=" " tag="259">
      <subfield code="a">15</subfield>
    </datafield>
    <datafield ind1="3" ind2=" " tag="260">
      <subfield code="a">Heidelberg</subfield>
      <subfield code="b">Carl Winter [Verl.]</subfield>
      <subfield code="c">1928</subfield>
    </datafield>
    <datafield ind1=" " ind2=" " tag="300">
      <subfield code="a">28 S.</subfield>
      <subfield code="c">8</subfield>
    </datafield>
    <datafield ind1="1" ind2=" " tag="490">
      <subfield code="a">Germanische Bibliothek : Abteilung 1, Elementar- und Handbücher : Reihe 3, Lesebücher</subfield>
      <subfield code="v">Bd. 7</subfield>
    </datafield>
    <datafield ind1=" " ind2="0" tag="830">
      <subfield code="a">Germanische Bibliothek / 1 / 3</subfield>
      <subfield code="n">Abteilung 1</subfield>
      <subfield code="p">Elementar- und Handbücher</subfield>
      <subfield code="n">[...]</subfield>
      <subfield code="p">Lesebücher</subfield>
      <subfield code="t">Germanische Bibliothek</subfield>
      <subfield code="v">Bd. 7</subfield>
      <subfield code="w">(DE-101)013261711</subfield>
      <subfield code="w">(DE-600)576866-4</subfield>
      <subfield code="9">17</subfield>
    </datafield>
  </record>