
  <record>
    <leader>00860nam a2200253 c 4500</leader>
    <controlfield tag="001">580108783</controlfield>
    <controlfield tag="003">DE-101</controlfield>
    <controlfield tag="005">20040313064531.0</controlfield>
    <controlfield tag="007">tu</controlfield>
    <controlfield tag="008">030205s1922    gw |||||r|||| 00||||ger  </controlfield>
    <datafield ind1=" " ind2=" " tag="015">
      <subfield code="a">00,L01</subfield>
      <subfield code="2">dnb</subfield>
    </datafield>
    <datafield ind1="7" ind2=" " tag="016">
      <subfield code="2">DE-101</subfield>
      <subfield code="a">580108783</subfield>
    </datafield>
    <datafield ind1=" " ind2=" " tag="020">
      <subfield code="c">Fr. -.20</subfield>
    </datafield>
    <datafield ind1=" " ind2=" " tag="035">
      <subfield code="a">(DE-599)DNB580108783</subfield>
    </datafield>
    <datafield ind1=" " ind2=" " tag="035">
      <subfield code="a">(OCoLC)72533153</subfield>
    </datafield>
    <datafield ind1=" " ind2=" " tag="040">
      <subfield code="a">1140</subfield>
      <subfield code="b">ger</subfield>
      <subfield code="c">DE-101</subfield>
      <subfield code="d">9999</subfield>
    </datafield>
    <datafield ind1=" " ind2=" " tag="041">
      <subfield code="a">ger</subfield>
    </datafield>
    <datafield ind1=" " ind2=" " tag="044">
      <subfield code="c">XA-DE</subfield>
    </datafield>
    <datafield ind1="1" ind2=" " tag="100">
      <subfield code="0">(DE-588)118546864</subfield>
      <subfield code="0">(DE-101)118546864</subfield>
      <subfield code="a">Hauff, Wilhelm</subfield>
      <subfield code="d">1802-1827</subfield>
      <subfield code="4">aut</subfield>
    </datafield>
    <datafield ind1="1" ind2="0" tag="245">
      <subfield code="a">Die Geschichte von dem kleinen Muck</subfield>
      <subfield code="c">Den Kindern dargereicht W. Hauff. Illustriert [Abb.] von P. Kammüller</subfield>
    </datafield>
    <datafield ind1="3" ind2=" " tag="260">
      <subfield code="a">Basel</subfield>
      <subfield code="b">Verein f. Verbreitung guter Schriften</subfield>
      <subfield code="c">1922, [1922]</subfield>
    </datafield>
    <datafield ind1=" " ind2=" " tag="300">
      <subfield code="a">32 S.</subfield>
      <subfield code="c">kl. 8</subfield>
    </datafield>
    <datafield ind1="1" ind2=" " tag="490">
      <subfield code="a">Verein für Verbreitung guter Schriften, Basel : B</subfield>
      <subfield code="v">31</subfield>
    </datafield>
    <datafield ind1=" " ind2="0" tag="830">
      <subfield code="a">Verein für Verbreitung guter Schriften, Basel</subfield>
      <subfield code="v">31</subfield>
    </datafield>
  </record>