
  <record>
    <leader>00930nam a2200265 c 4500</leader>
    <controlfield tag="001">58066046X</controlfield>
    <controlfield tag="003">DE-101</controlfield>
    <controlfield tag="005">20060404133046.0</controlfield>
    <controlfield tag="007">tu</controlfield>
    <controlfield tag="008">030205s1935    gw |||||r|||| 00||||ger  </controlfield>
    <datafield ind1=" " ind2=" " tag="015">
      <subfield code="a">00,L01</subfield>
      <subfield code="2">dnb</subfield>
    </datafield>
    <datafield ind1="7" ind2=" " tag="016">
      <subfield code="2">DE-101</subfield>
      <subfield code="a">58066046X</subfield>
    </datafield>
    <datafield ind1=" " ind2=" " tag="020">
      <subfield code="c">-.50</subfield>
    </datafield>
    <datafield ind1=" " ind2=" " tag="035">
      <subfield code="a">(DE-599)DNB58066046X</subfield>
    </datafield>
    <datafield ind1=" " ind2=" " tag="035">
      <subfield code="a">(OCoLC)72616600</subfield>
    </datafield>
    <datafield ind1=" " ind2=" " tag="040">
      <subfield code="a">1140</subfield>
      <subfield code="b">ger</subfield>
      <subfield code="c">DE-101</subfield>
      <subfield code="d">1140</subfield>
    </datafield>
    <datafield ind1=" " ind2=" " tag="041">
      <subfield code="a">ger</subfield>
    </datafield>
    <datafield ind1=" " ind2=" " tag="044">
      <subfield code="c">XA-DE</subfield>
    </datafield>
    <datafield ind1="1" ind2=" " tag="100">
      <subfield code="0">(DE-588)121274152</subfield>
      <subfield code="0">(DE-101)121274152</subfield>
      <subfield code="a">Marshall, Henrietta Elizabeth</subfield>
      <subfield code="4">aut</subfield>
    </datafield>
    <datafield ind1="1" ind2="0" tag="245">
      <subfield code="a">Stories of Beowulf</subfield>
      <subfield code="c">told to the children H. E. Marshall. Hrsg. von Josef Gelhard</subfield>
    </datafield>
    <datafield ind1="3" ind2=" " tag="260">
      <subfield code="a">Bielefeld</subfield>
      <subfield code="a">Leipzig</subfield>
      <subfield code="b">Velhagen &amp; Klasing</subfield>
      <subfield code="c">1935, [1935]</subfield>
    </datafield>
    <datafield ind1=" " ind2=" " tag="300">
      <subfield code="a">49 S.</subfield>
      <subfield code="b">Mit 7 Zeichngn u. d. Abb. e. Seite aus d. Orig. Ms.</subfield>
      <subfield code="c">8</subfield>
    </datafield>
    <datafield ind1="1" ind2=" " tag="490">
      <subfield code="a">Neusprachliche Lesebogen</subfield>
      <subfield code="v">Nr. 274</subfield>
    </datafield>
    <datafield ind1="1" ind2=" " tag="700">
      <subfield code="0">(DE-588)105701831</subfield>
      <subfield code="0">(DE-101)105701831</subfield>
      <subfield code="a">Gelhard, Josef</subfield>
      <subfield code="4">cre</subfield>
    </datafield>
    <datafield ind1=" " ind2="0" tag="830">
      <subfield code="a">Neusprachliche Lesebogen</subfield>
      <subfield code="v">Nr. 274</subfield>
      <subfield code="w">(DE-101)979225108</subfield>
      <subfield code="9">3274</subfield>
    </datafield>
  </record>