
  <record>
    <leader>00933nam a2200277 c 4500</leader>
    <controlfield tag="001">580764117</controlfield>
    <controlfield tag="003">DE-101</controlfield>
    <controlfield tag="005">20080313132313.0</controlfield>
    <controlfield tag="007">tu</controlfield>
    <controlfield tag="008">030205s1936    gw |||||r|||| 00||||ger  </controlfield>
    <datafield ind1=" " ind2=" " tag="015">
      <subfield code="a">00,L01</subfield>
      <subfield code="2">dnb</subfield>
    </datafield>
    <datafield ind1="7" ind2=" " tag="016">
      <subfield code="2">DE-101</subfield>
      <subfield code="a">580764117</subfield>
    </datafield>
    <datafield ind1=" " ind2=" " tag="020">
      <subfield code="c">-.70</subfield>
    </datafield>
    <datafield ind1=" " ind2=" " tag="035">
      <subfield code="a">(DE-599)DNB580764117</subfield>
    </datafield>
    <datafield ind1=" " ind2=" " tag="035">
      <subfield code="a">(OCoLC)72631756</subfield>
    </datafield>
    <datafield ind1=" " ind2=" " tag="040">
      <subfield code="a">1140</subfield>
      <subfield code="b">ger</subfield>
      <subfield code="c">DE-101</subfield>
      <subfield code="d">1140</subfield>
    </datafield>
    <datafield ind1=" " ind2=" " tag="041">
      <subfield code="a">ger</subfield>
    </datafield>
    <datafield ind1=" " ind2=" " tag="044">
      <subfield code="c">XA-DE</subfield>
    </datafield>
    <datafield ind1="7" ind2="4" tag="082">
      <subfield code="q">DE-101</subfield>
      <subfield code="2">22sdnb</subfield>
    </datafield>
    <datafield ind1=" " ind2=" " tag="084">
      <subfield code="a">23</subfield>
      <subfield code="a">S</subfield>
      <subfield code="q">DE-101</subfield>
      <subfield code="2">sdnb</subfield>
    </datafield>
    <datafield ind1="1" ind2=" " tag="100">
      <subfield code="0">(DE-588)127607412</subfield>
      <subfield code="0">(DE-101)127607412</subfield>
      <subfield code="a">Moran, Diana</subfield>
      <subfield code="4">aut</subfield>
    </datafield>
    <datafield ind1="1" ind2="0" tag="245">
      <subfield code="a">The story of Beowulf</subfield>
      <subfield code="c">Retold D. Moran. Hrsg. v. Jutta Tiedemann</subfield>
    </datafield>
    <datafield ind1="3" ind2=" " tag="260">
      <subfield code="a">Braunschweig</subfield>
      <subfield code="a">Berlin</subfield>
      <subfield code="a">Hamburg</subfield>
      <subfield code="b">Westermann</subfield>
      <subfield code="c">1936, [1936]</subfield>
    </datafield>
    <datafield ind1=" " ind2=" " tag="300">
      <subfield code="a">44 S.</subfield>
      <subfield code="b">Mit 3 Abb.</subfield>
      <subfield code="c">kl. 8</subfield>
    </datafield>
    <datafield ind1="1" ind2=" " tag="490">
      <subfield code="a">Westermann-Texte : Englische Reihe</subfield>
      <subfield code="v">Nr. 102</subfield>
    </datafield>
    <datafield ind1=" " ind2="0" tag="830">
      <subfield code="a">Westermann-Texte / Englische Reihe</subfield>
      <subfield code="n">Englische Reihe</subfield>
      <subfield code="t">Westermann-Texte</subfield>
      <subfield code="v">Nr. 102</subfield>
      <subfield code="w">(DE-101)022767983</subfield>
      <subfield code="w">(DE-600)2061185-7</subfield>
      <subfield code="9">3102</subfield>
    </datafield>
  </record>