
  <record>
    <leader>01052nam a2200301 c 4500</leader>
    <controlfield tag="001">720107288</controlfield>
    <controlfield tag="003">DE-101</controlfield>
    <controlfield tag="005">20081205151836.0</controlfield>
    <controlfield tag="007">tu</controlfield>
    <controlfield tag="008">720708s1972    gw |||||r|||| 00||||ger  </controlfield>
    <datafield ind1=" " ind2=" " tag="015">
      <subfield code="a">72,A28,0295</subfield>
      <subfield code="2">dnb</subfield>
    </datafield>
    <datafield ind1="7" ind2=" " tag="016">
      <subfield code="2">DE-101</subfield>
      <subfield code="a">720107288</subfield>
    </datafield>
    <datafield ind1=" " ind2=" " tag="020">
      <subfield code="a">3110036576</subfield>
      <subfield code="c">Werkstoff : DM 36.00</subfield>
      <subfield code="9">3-11-003657-6</subfield>
    </datafield>
    <datafield ind1=" " ind2=" " tag="035">
      <subfield code="a">(DE-599)DNB720107288</subfield>
    </datafield>
    <datafield ind1=" " ind2=" " tag="035">
      <subfield code="a">(OCoLC)258587115</subfield>
    </datafield>
    <datafield ind1=" " ind2=" " tag="040">
      <subfield code="a">1200</subfield>
      <subfield code="b">ger</subfield>
      <subfield code="c">DE-101</subfield>
      <subfield code="d">1262</subfield>
    </datafield>
    <datafield ind1=" " ind2=" " tag="041">
      <subfield code="a">ger</subfield>
    </datafield>
    <datafield ind1=" " ind2=" " tag="044">
      <subfield code="c">XA-DE</subfield>
    </datafield>
    <datafield ind1="7" ind2="4" tag="082">
      <subfield code="q">DE-101</subfield>
      <subfield code="2">22sdnb</subfield>
    </datafield>
    <datafield ind1=" " ind2=" " tag="084">
      <subfield code="a">17a</subfield>
      <subfield code="a">610</subfield>
      <subfield code="q">DE-101</subfield>
      <subfield code="2">sdnb</subfield>
    </datafield>
    <datafield ind1="1" ind2=" " tag="100">
      <subfield code="0">(DE-588)102650462</subfield>
      <subfield code="0">(DE-101)102650462</subfield>
      <subfield code="a">Pschyrembel, Willibald</subfield>
      <subfield code="d">1901-1987</subfield>
      <subfield code="4">aut</subfield>
    </datafield>
    <datafield ind1="1" ind2="0" tag="245">
      <subfield code="a">Klinisches Wörterbuch mit klinischen Syndromen</subfield>
      <subfield code="c">von Willibald Pschyrembel. Gegr. von Otto Dornblüth</subfield>
    </datafield>
    <datafield ind1=" " ind2=" " tag="250">
      <subfield code="a">251., durchges. u. verb. Aufl.</subfield>
    </datafield>
    <datafield ind1=" " ind2=" " tag="259">
      <subfield code="a">3251</subfield>
    </datafield>
    <datafield ind1="3" ind2=" " tag="260">
      <subfield code="a">Berlin, New York</subfield>
      <subfield code="b">de Gruyter</subfield>
      <subfield code="c">1972</subfield>
    </datafield>
    <datafield ind1=" " ind2=" " tag="300">
      <subfield code="a">XIV, 1348 S.</subfield>
      <subfield code="b">2274 Ill. u. graph. Darst.;</subfield>
      <subfield code="c">21 cm</subfield>
    </datafield>
    <datafield ind1=" " ind2="7" tag="650">
      <subfield code="2">local</subfield>
      <subfield code="a">Medizin</subfield>
      <subfield code="x">Lexika</subfield>
    </datafield>
    <datafield ind1="1" ind2=" " tag="700">
      <subfield code="0">(DE-588)116187255</subfield>
      <subfield code="0">(DE-101)116187255</subfield>
      <subfield code="a">Dornblüth, Otto</subfield>
      <subfield code="d">1860-1922</subfield>
      <subfield code="4">ant</subfield>
      <subfield code="e">Begr.</subfield>
    </datafield>
  </record>