
  <record>
    <leader>01127nam a2200313 c 4500</leader>
    <controlfield tag="001">720205794</controlfield>
    <controlfield tag="003">DE-101</controlfield>
    <controlfield tag="005">20071224081829.0</controlfield>
    <controlfield tag="007">tu</controlfield>
    <controlfield tag="008">721125s1971    gw |||||rm||| 00||||ger  </controlfield>
    <datafield ind1=" " ind2=" " tag="015">
      <subfield code="a">72,A48,0090</subfield>
      <subfield code="2">dnb</subfield>
    </datafield>
    <datafield ind1="7" ind2=" " tag="016">
      <subfield code="2">DE-101</subfield>
      <subfield code="a">720205794</subfield>
    </datafield>
    <datafield ind1=" " ind2=" " tag="020">
      <subfield code="a">3416007131</subfield>
      <subfield code="c">kart. : DM 16.80</subfield>
      <subfield code="9">3-416-00713-1</subfield>
    </datafield>
    <datafield ind1=" " ind2=" " tag="035">
      <subfield code="a">(DE-599)DNB720205794</subfield>
    </datafield>
    <datafield ind1=" " ind2=" " tag="035">
      <subfield code="a">(OCoLC)721214414</subfield>
    </datafield>
    <datafield ind1=" " ind2=" " tag="040">
      <subfield code="a">1200</subfield>
      <subfield code="b">ger</subfield>
      <subfield code="c">DE-101</subfield>
      <subfield code="d">9999</subfield>
    </datafield>
    <datafield ind1=" " ind2=" " tag="041">
      <subfield code="a">ger</subfield>
    </datafield>
    <datafield ind1=" " ind2=" " tag="044">
      <subfield code="c">XA-DE</subfield>
    </datafield>
    <datafield ind1="7" ind2="4" tag="082">
      <subfield code="q">DE-101</subfield>
      <subfield code="2">22sdnb</subfield>
    </datafield>
    <datafield ind1=" " ind2=" " tag="084">
      <subfield code="a">03b</subfield>
      <subfield code="a">10a</subfield>
      <subfield code="a">130</subfield>
      <subfield code="a">150</subfield>
      <subfield code="q">DE-101</subfield>
      <subfield code="2">sdnb</subfield>
    </datafield>
    <datafield ind1="1" ind2=" " tag="100">
      <subfield code="0">(DE-588)132435721</subfield>
      <subfield code="0">(DE-101)132435721</subfield>
      <subfield code="a">Winkelmann, Wolfgang</subfield>
      <subfield code="d">1940-</subfield>
      <subfield code="4">aut</subfield>
    </datafield>
    <datafield ind1="1" ind2="0" tag="245">
      <subfield code="a">Persönlichkeit und Schulanpassung bei Grundschulkindern</subfield>
      <subfield code="b">eine longitudinale Erkundungsstudie</subfield>
      <subfield code="c">von Wolfgang Winkelmann</subfield>
    </datafield>
    <datafield ind1="3" ind2=" " tag="260">
      <subfield code="a">Bonn</subfield>
      <subfield code="b">Bouvier</subfield>
      <subfield code="c">1971</subfield>
    </datafield>
    <datafield ind1=" " ind2=" " tag="300">
      <subfield code="a">112 S.;</subfield>
      <subfield code="c">23 cm</subfield>
    </datafield>
    <datafield ind1="1" ind2=" " tag="490">
      <subfield code="a">Abhandlungen zur Philosophie, Psychologie und Pädagogik</subfield>
      <subfield code="v">Bd. 71</subfield>
    </datafield>
    <datafield ind1=" " ind2=" " tag="502">
      <subfield code="a">Zugleich: Bonn, Univ., Philos. Fak., Diss. 1970.</subfield>
    </datafield>
    <datafield ind1=" " ind2="7" tag="650">
      <subfield code="2">local</subfield>
      <subfield code="a">Schulanfänger</subfield>
    </datafield>
    <datafield ind1=" " ind2="7" tag="650">
      <subfield code="2">local</subfield>
      <subfield code="a">Schülerleistung</subfield>
    </datafield>
    <datafield ind1=" " ind2="0" tag="830">
      <subfield code="a">Abhandlungen zur Philosophie, Psychologie und Pädagogik</subfield>
      <subfield code="v">Bd. 71</subfield>
      <subfield code="9">271</subfield>
    </datafield>
  </record>