
  <record>
    <leader>01312nam a2200325 c 4500</leader>
    <controlfield tag="001">720218802</controlfield>
    <controlfield tag="003">DE-101</controlfield>
    <controlfield tag="005">20071224081933.0</controlfield>
    <controlfield tag="007">tu</controlfield>
    <controlfield tag="008">721216s1971    xx |||||r|||| 00||||ger  </controlfield>
    <datafield ind1=" " ind2=" " tag="015">
      <subfield code="a">72,A51,0055</subfield>
      <subfield code="2">dnb</subfield>
    </datafield>
    <datafield ind1="7" ind2=" " tag="016">
      <subfield code="2">DE-101</subfield>
      <subfield code="a">720218802</subfield>
    </datafield>
    <datafield ind1=" " ind2=" " tag="020">
      <subfield code="c">Pp. : M 4.80</subfield>
    </datafield>
    <datafield ind1=" " ind2=" " tag="035">
      <subfield code="a">(DE-599)DNB720218802</subfield>
    </datafield>
    <datafield ind1=" " ind2=" " tag="035">
      <subfield code="a">(OCoLC)74093665</subfield>
    </datafield>
    <datafield ind1=" " ind2=" " tag="040">
      <subfield code="a">1200</subfield>
      <subfield code="b">ger</subfield>
      <subfield code="c">DE-101</subfield>
      <subfield code="d">9999</subfield>
    </datafield>
    <datafield ind1=" " ind2=" " tag="041">
      <subfield code="a">ger</subfield>
    </datafield>
    <datafield ind1=" " ind2=" " tag="044">
      <subfield code="c">XA-DDDE</subfield>
    </datafield>
    <datafield ind1="7" ind2="4" tag="082">
      <subfield code="q">DE-101</subfield>
      <subfield code="2">22sdnb</subfield>
    </datafield>
    <datafield ind1=" " ind2=" " tag="084">
      <subfield code="a">03b</subfield>
      <subfield code="a">10a</subfield>
      <subfield code="a">130</subfield>
      <subfield code="a">150</subfield>
      <subfield code="q">DE-101</subfield>
      <subfield code="2">sdnb</subfield>
    </datafield>
    <datafield ind1="1" ind2="0" tag="245">
      <subfield code="a">Zur Psychologie der Persönlichkeit und Tätigkeit des Vorschulkindes</subfield>
      <subfield code="c">unter d. Red. von A. W. Saporoshez u. D. B. Elkonin. Autoren: S. M. Bogulawskaja [u. a.]. [Akad. Pedagogičeskich Nauk RSFSR. Dt. Übers.: Elske Däbritz]</subfield>
    </datafield>
    <datafield ind1=" " ind2=" " tag="250">
      <subfield code="a">1. Aufl.</subfield>
    </datafield>
    <datafield ind1=" " ind2=" " tag="259">
      <subfield code="a">11</subfield>
    </datafield>
    <datafield ind1="3" ind2=" " tag="260">
      <subfield code="a">Berlin</subfield>
      <subfield code="b">Volk und Wissen, VEB</subfield>
      <subfield code="c">1971</subfield>
    </datafield>
    <datafield ind1=" " ind2=" " tag="300">
      <subfield code="a">223 S.;</subfield>
      <subfield code="c">24 cm</subfield>
    </datafield>
    <datafield ind1=" " ind2=" " tag="500">
      <subfield code="a">Nebent.: Psychologie der Persönlichkeit und Tätigkeit des Vorschulkindes. - Literaturverz. S. 209 - [224].</subfield>
    </datafield>
    <datafield ind1=" " ind2="7" tag="650">
      <subfield code="2">local</subfield>
      <subfield code="a">Vorschulkind</subfield>
    </datafield>
    <datafield ind1="1" ind2=" " tag="700">
      <subfield code="0">(DE-588)133415422</subfield>
      <subfield code="0">(DE-101)133415422</subfield>
      <subfield code="a">Zaporožec, Aleksandr V.</subfield>
      <subfield code="d">1905-1981</subfield>
      <subfield code="4">red</subfield>
      <subfield code="e">Red.</subfield>
    </datafield>
    <datafield ind1="2" ind2=" " tag="710">
      <subfield code="0">(DE-588)2003636-X</subfield>
      <subfield code="0">(DE-101)004641809</subfield>
      <subfield code="a">Akademija Pedagogičeskich Nauk RSFSR</subfield>
      <subfield code="g">Moskau</subfield>
    </datafield>
    <datafield ind1="0" ind2=" " tag="730">
      <subfield code="a">Psichologija ličnosti i dejate_l28nosti doško_l28nika 8dt.&gt;</subfield>
    </datafield>
  </record>