
  <record>
    <leader>01246nam a2200337 c 4500</leader>
    <controlfield tag="001">730139468</controlfield>
    <controlfield tag="003">DE-101</controlfield>
    <controlfield tag="005">20110412183251.0</controlfield>
    <controlfield tag="007">tu</controlfield>
    <controlfield tag="008">730513s1972    gw |||||r|||| 00||||ger  </controlfield>
    <datafield ind1=" " ind2=" " tag="015">
      <subfield code="a">73,A20,0267</subfield>
      <subfield code="2">dnb</subfield>
    </datafield>
    <datafield ind1="7" ind2=" " tag="016">
      <subfield code="2">DE-101</subfield>
      <subfield code="a">730139468</subfield>
    </datafield>
    <datafield ind1=" " ind2=" " tag="020">
      <subfield code="a">3779906066</subfield>
      <subfield code="c">kart. : DM 18.00</subfield>
      <subfield code="9">3-7799-0606-6</subfield>
    </datafield>
    <datafield ind1=" " ind2=" " tag="035">
      <subfield code="a">(DE-599)DNB730139468</subfield>
    </datafield>
    <datafield ind1=" " ind2=" " tag="035">
      <subfield code="a">(OCoLC)263325654</subfield>
    </datafield>
    <datafield ind1=" " ind2=" " tag="040">
      <subfield code="a">1200</subfield>
      <subfield code="b">ger</subfield>
      <subfield code="c">DE-101</subfield>
      <subfield code="d">9999</subfield>
    </datafield>
    <datafield ind1=" " ind2=" " tag="041">
      <subfield code="a">ger</subfield>
    </datafield>
    <datafield ind1=" " ind2=" " tag="044">
      <subfield code="c">XA-DE</subfield>
    </datafield>
    <datafield ind1="7" ind2="4" tag="082">
      <subfield code="q">DE-101</subfield>
      <subfield code="2">22sdnb</subfield>
    </datafield>
    <datafield ind1=" " ind2=" " tag="084">
      <subfield code="a">05b</subfield>
      <subfield code="a">03b</subfield>
      <subfield code="a">06a</subfield>
      <subfield code="a">300</subfield>
      <subfield code="a">360</subfield>
      <subfield code="a">710</subfield>
      <subfield code="a">900</subfield>
      <subfield code="a">940</subfield>
      <subfield code="a">943</subfield>
      <subfield code="a">950</subfield>
      <subfield code="a">960</subfield>
      <subfield code="a">970</subfield>
      <subfield code="a">980</subfield>
      <subfield code="a">990</subfield>
      <subfield code="q">DE-101</subfield>
      <subfield code="2">sdnb</subfield>
    </datafield>
    <datafield ind1="1" ind2=" " tag="100">
      <subfield code="0">(DE-588)120284308</subfield>
      <subfield code="0">(DE-101)120284308</subfield>
      <subfield code="a">Steinert, Heinz</subfield>
      <subfield code="d">1942-2011</subfield>
      <subfield code="4">aut</subfield>
    </datafield>
    <datafield ind1="1" ind2="0" tag="245">
      <subfield code="a">Die Strategien sozialen Handelns</subfield>
      <subfield code="b">zur Soziologie d. Persönlichkeit u. d. Sozialisation</subfield>
      <subfield code="c">Heinz Steinert</subfield>
    </datafield>
    <datafield ind1="3" ind2=" " tag="260">
      <subfield code="a">München</subfield>
      <subfield code="b">Juventa-Verlag</subfield>
      <subfield code="c">1972</subfield>
    </datafield>
    <datafield ind1=" " ind2=" " tag="300">
      <subfield code="a">232 S.;</subfield>
      <subfield code="c">23 cm</subfield>
    </datafield>
    <datafield ind1="1" ind2=" " tag="490">
      <subfield code="a">Juventa-Materialien</subfield>
      <subfield code="v">M 6</subfield>
    </datafield>
    <datafield ind1=" " ind2=" " tag="502">
      <subfield code="a">Zugleich: Graz, Univ., Rechts- u. Staatswiss. Fak., Habil.-Schr. 1972.</subfield>
    </datafield>
    <datafield ind1=" " ind2="7" tag="650">
      <subfield code="2">local</subfield>
      <subfield code="a">Persönlichkeit</subfield>
    </datafield>
    <datafield ind1=" " ind2="7" tag="650">
      <subfield code="2">local</subfield>
      <subfield code="a">Soziales Verhalten</subfield>
    </datafield>
    <datafield ind1=" " ind2="7" tag="650">
      <subfield code="2">local</subfield>
      <subfield code="a">Wehrpflicht</subfield>
    </datafield>
    <datafield ind1=" " ind2="0" tag="830">
      <subfield code="a">Juventa-Materialien</subfield>
      <subfield code="v">M 6</subfield>
      <subfield code="9">16</subfield>
    </datafield>
    <datafield ind1="4" ind2="2" tag="856">
      <subfield code="m">V:DE-605</subfield>
      <subfield code="q">application/pdf</subfield>
      <subfield code="u">http://d-nb.info/730139468/04</subfield>
      <subfield code="3">Inhaltsverzeichnis</subfield>
    </datafield>
  </record>