
  <record>
    <leader>01317nam a2200361 c 4500</leader>
    <controlfield tag="001">730179192</controlfield>
    <controlfield tag="003">DE-101</controlfield>
    <controlfield tag="005">20071224085639.0</controlfield>
    <controlfield tag="007">tu</controlfield>
    <controlfield tag="008">730617s1972    xx |||||r|||| 00||||ger  </controlfield>
    <datafield ind1=" " ind2=" " tag="015">
      <subfield code="a">73,A25,0014</subfield>
      <subfield code="2">dnb</subfield>
    </datafield>
    <datafield ind1="7" ind2=" " tag="016">
      <subfield code="2">DE-101</subfield>
      <subfield code="a">730179192</subfield>
    </datafield>
    <datafield ind1=" " ind2=" " tag="020">
      <subfield code="c">kart. : M 5.80</subfield>
    </datafield>
    <datafield ind1=" " ind2=" " tag="035">
      <subfield code="a">(DE-599)DNB730179192</subfield>
    </datafield>
    <datafield ind1=" " ind2=" " tag="035">
      <subfield code="a">(OCoLC)602884786</subfield>
    </datafield>
    <datafield ind1=" " ind2=" " tag="040">
      <subfield code="a">1200</subfield>
      <subfield code="b">ger</subfield>
      <subfield code="c">DE-101</subfield>
      <subfield code="d">9999</subfield>
    </datafield>
    <datafield ind1=" " ind2=" " tag="041">
      <subfield code="a">ger</subfield>
    </datafield>
    <datafield ind1=" " ind2=" " tag="044">
      <subfield code="c">XA-DDDE</subfield>
    </datafield>
    <datafield ind1="7" ind2="4" tag="082">
      <subfield code="q">DE-101</subfield>
      <subfield code="2">22sdnb</subfield>
    </datafield>
    <datafield ind1=" " ind2=" " tag="084">
      <subfield code="a">01a</subfield>
      <subfield code="a">05b</subfield>
      <subfield code="a">000</subfield>
      <subfield code="a">010</subfield>
      <subfield code="a">030</subfield>
      <subfield code="a">050</subfield>
      <subfield code="a">060</subfield>
      <subfield code="a">070</subfield>
      <subfield code="a">080</subfield>
      <subfield code="a">370</subfield>
      <subfield code="a">700</subfield>
      <subfield code="q">DE-101</subfield>
      <subfield code="2">sdnb</subfield>
    </datafield>
    <datafield ind1="1" ind2="0" tag="245">
      <subfield code="a">Persönlichkeit und Kollektiv in der Forschung</subfield>
      <subfield code="b">Beitr. zu soziolog. Problemen in Forschungs- u. Entwicklungseinrichtungen</subfield>
      <subfield code="c">[hrsg. vom Wiss. Rat f. Soziolog. Forschung in d. DDR. Ausw. u. wiss. Red.: Günther Bohring]</subfield>
    </datafield>
    <datafield ind1=" " ind2=" " tag="250">
      <subfield code="a">1. Aufl.</subfield>
    </datafield>
    <datafield ind1=" " ind2=" " tag="259">
      <subfield code="a">11</subfield>
    </datafield>
    <datafield ind1="3" ind2=" " tag="260">
      <subfield code="a">Berlin</subfield>
      <subfield code="b">Dietz</subfield>
      <subfield code="c">1972</subfield>
    </datafield>
    <datafield ind1=" " ind2=" " tag="300">
      <subfield code="a">204 S.;</subfield>
      <subfield code="c">20 cm</subfield>
    </datafield>
    <datafield ind1="0" ind2=" " tag="490">
      <subfield code="a">Schriftenreihe Soziologie</subfield>
    </datafield>
    <datafield ind1=" " ind2="7" tag="650">
      <subfield code="2">local</subfield>
      <subfield code="a">Deutschland &lt;DDR&gt;</subfield>
    </datafield>
    <datafield ind1=" " ind2="7" tag="650">
      <subfield code="2">local</subfield>
      <subfield code="a">Deutschland &lt;DDR&gt;</subfield>
    </datafield>
    <datafield ind1=" " ind2="7" tag="650">
      <subfield code="2">local</subfield>
      <subfield code="a">Kollektiv</subfield>
    </datafield>
    <datafield ind1=" " ind2="7" tag="650">
      <subfield code="2">local</subfield>
      <subfield code="a">Forschung</subfield>
    </datafield>
    <datafield ind1=" " ind2="7" tag="650">
      <subfield code="2">local</subfield>
      <subfield code="a">Wissenschaftliche Arbeit</subfield>
    </datafield>
    <datafield ind1="1" ind2=" " tag="700">
      <subfield code="0">(DE-588)105881384</subfield>
      <subfield code="0">(DE-101)105881384</subfield>
      <subfield code="a">Bohring, Günther</subfield>
      <subfield code="4">red</subfield>
      <subfield code="e">Red.</subfield>
    </datafield>
    <datafield ind1="2" ind2=" " tag="710">
      <subfield code="0">(DE-588)2026444-6</subfield>
      <subfield code="0">(DE-101)004833996</subfield>
      <subfield code="a">Wissenschaftlicher Rat für Soziologische Forschung in der DDR</subfield>
    </datafield>
  </record>