
  <record>
    <leader>01176nam a2200289 c 4500</leader>
    <controlfield tag="001">730464776</controlfield>
    <controlfield tag="003">DE-101</controlfield>
    <controlfield tag="005">20071224092926.0</controlfield>
    <controlfield tag="007">tu</controlfield>
    <controlfield tag="008">730417s1972    gw |||||r|||| 00||||ger  </controlfield>
    <datafield ind1=" " ind2=" " tag="015">
      <subfield code="a">73,B08,0036</subfield>
      <subfield code="2">dnb</subfield>
    </datafield>
    <datafield ind1="7" ind2=" " tag="016">
      <subfield code="2">DE-101</subfield>
      <subfield code="a">730464776</subfield>
    </datafield>
    <datafield ind1=" " ind2=" " tag="035">
      <subfield code="a">(DE-599)DNB730464776</subfield>
    </datafield>
    <datafield ind1=" " ind2=" " tag="035">
      <subfield code="a">(OCoLC)74146290</subfield>
    </datafield>
    <datafield ind1=" " ind2=" " tag="040">
      <subfield code="a">1200</subfield>
      <subfield code="b">ger</subfield>
      <subfield code="c">DE-101</subfield>
      <subfield code="d">9999</subfield>
    </datafield>
    <datafield ind1=" " ind2=" " tag="041">
      <subfield code="a">ger</subfield>
    </datafield>
    <datafield ind1=" " ind2=" " tag="044">
      <subfield code="c">XA-DE</subfield>
    </datafield>
    <datafield ind1="7" ind2="4" tag="082">
      <subfield code="q">DE-101</subfield>
      <subfield code="2">22sdnb</subfield>
    </datafield>
    <datafield ind1=" " ind2=" " tag="084">
      <subfield code="a">03b</subfield>
      <subfield code="a">130</subfield>
      <subfield code="a">150</subfield>
      <subfield code="q">DE-101</subfield>
      <subfield code="2">sdnb</subfield>
    </datafield>
    <datafield ind1="1" ind2=" " tag="100">
      <subfield code="0">(DE-588)119558173</subfield>
      <subfield code="0">(DE-101)119558173</subfield>
      <subfield code="a">Herrmann, Theo</subfield>
      <subfield code="d">1929-</subfield>
      <subfield code="4">aut</subfield>
    </datafield>
    <datafield ind1="1" ind2="0" tag="245">
      <subfield code="a">Prescriptive orientation and proscriptive orientation as personality constructs</subfield>
      <subfield code="c">Theo Herrmann; Heinz W. Krohne</subfield>
    </datafield>
    <datafield ind1="3" ind2=" " tag="260">
      <subfield code="a">Marburg (Lahn)</subfield>
      <subfield code="b">Inst. f. Psychologie d. Philipps-Univ.</subfield>
      <subfield code="c">1972</subfield>
    </datafield>
    <datafield ind1=" " ind2=" " tag="300">
      <subfield code="a">17 Bl.;</subfield>
      <subfield code="c">30 cm</subfield>
    </datafield>
    <datafield ind1="1" ind2=" " tag="490">
      <subfield code="a">Berichte aus dem Institut für Psychologie der Philipps-Universität in Marburg, Lahn</subfield>
      <subfield code="v">Nr. 30</subfield>
    </datafield>
    <datafield ind1="1" ind2=" " tag="700">
      <subfield code="0">(DE-588)120285797</subfield>
      <subfield code="0">(DE-101)120285797</subfield>
      <subfield code="a">Krohne, Heinz W.</subfield>
      <subfield code="d">1939-</subfield>
      <subfield code="4">aut</subfield>
    </datafield>
    <datafield ind1="2" ind2=" " tag="710">
      <subfield code="0">(DE-588)1029588-4</subfield>
      <subfield code="0">(DE-101)004185862</subfield>
      <subfield code="a">Institut für Psychologie</subfield>
      <subfield code="g">Marburg</subfield>
    </datafield>
    <datafield ind1=" " ind2="0" tag="830">
      <subfield code="a">Berichte aus dem Institut für Psychologie der Philipps-Universität in Marburg, Lahn</subfield>
      <subfield code="v">Nr. 30</subfield>
      <subfield code="9">230</subfield>
    </datafield>
  </record>