
  <record>
    <leader>01326nam a2200361 c 4500</leader>
    <controlfield tag="001">740202995</controlfield>
    <controlfield tag="003">DE-101</controlfield>
    <controlfield tag="005">20071224100929.0</controlfield>
    <controlfield tag="007">tu</controlfield>
    <controlfield tag="008">740429s1973    gw |||||r|||| 00||||ger  </controlfield>
    <datafield ind1=" " ind2=" " tag="015">
      <subfield code="a">74,A18,0274</subfield>
      <subfield code="2">dnb</subfield>
    </datafield>
    <datafield ind1="7" ind2=" " tag="016">
      <subfield code="2">DE-101</subfield>
      <subfield code="a">740202995</subfield>
    </datafield>
    <datafield ind1=" " ind2=" " tag="020">
      <subfield code="a">3500284701</subfield>
      <subfield code="c">kart. : DM 29.00</subfield>
      <subfield code="9">3-500-28470-1</subfield>
    </datafield>
    <datafield ind1=" " ind2=" " tag="035">
      <subfield code="a">(DE-599)DNB740202995</subfield>
    </datafield>
    <datafield ind1=" " ind2=" " tag="035">
      <subfield code="a">(OCoLC)721207198</subfield>
    </datafield>
    <datafield ind1=" " ind2=" " tag="040">
      <subfield code="a">1200</subfield>
      <subfield code="b">ger</subfield>
      <subfield code="c">DE-101</subfield>
      <subfield code="d">9999</subfield>
    </datafield>
    <datafield ind1=" " ind2=" " tag="041">
      <subfield code="a">ger</subfield>
    </datafield>
    <datafield ind1=" " ind2=" " tag="044">
      <subfield code="c">XA-DE</subfield>
    </datafield>
    <datafield ind1="7" ind2="4" tag="082">
      <subfield code="q">DE-101</subfield>
      <subfield code="2">22sdnb</subfield>
    </datafield>
    <datafield ind1=" " ind2=" " tag="084">
      <subfield code="a">07a</subfield>
      <subfield code="a">400</subfield>
      <subfield code="a">420</subfield>
      <subfield code="a">430</subfield>
      <subfield code="a">439</subfield>
      <subfield code="a">440</subfield>
      <subfield code="a">450</subfield>
      <subfield code="a">460</subfield>
      <subfield code="a">470</subfield>
      <subfield code="a">480</subfield>
      <subfield code="a">490</subfield>
      <subfield code="a">800</subfield>
      <subfield code="a">810</subfield>
      <subfield code="a">820</subfield>
      <subfield code="a">830</subfield>
      <subfield code="a">839</subfield>
      <subfield code="a">840</subfield>
      <subfield code="a">850</subfield>
      <subfield code="a">860</subfield>
      <subfield code="a">870</subfield>
      <subfield code="a">880</subfield>
      <subfield code="a">890</subfield>
      <subfield code="q">DE-101</subfield>
      <subfield code="2">sdnb</subfield>
    </datafield>
    <datafield ind1="1" ind2=" " tag="100">
      <subfield code="0">(DE-588)101490895</subfield>
      <subfield code="0">(DE-101)101490895</subfield>
      <subfield code="a">Björkman, Erik</subfield>
      <subfield code="4">aut</subfield>
    </datafield>
    <datafield ind1="1" ind2="0" tag="245">
      <subfield code="a">Studien über die Eigennamen im Beowulf</subfield>
      <subfield code="c">von Erik Björkman</subfield>
    </datafield>
    <datafield ind1=" " ind2=" " tag="250">
      <subfield code="a">Unveränd. reprograph. Nachdr. d. 1. Aufl. Halle an d. Saale 1920.</subfield>
    </datafield>
    <datafield ind1=" " ind2=" " tag="259">
      <subfield code="a">ndr</subfield>
    </datafield>
    <datafield ind1="3" ind2=" " tag="260">
      <subfield code="a">Walluf (bei Wiesbaden)</subfield>
      <subfield code="b">Sändig</subfield>
      <subfield code="c">1973</subfield>
    </datafield>
    <datafield ind1=" " ind2=" " tag="300">
      <subfield code="a">XVII, 122 S.;</subfield>
      <subfield code="c">21 cm</subfield>
    </datafield>
    <datafield ind1="1" ind2=" " tag="490">
      <subfield code="a">Studien zur englischen Philologie</subfield>
      <subfield code="v">H. 58</subfield>
    </datafield>
    <datafield ind1=" " ind2=" " tag="500">
      <subfield code="a">Literaturverz. S. IX - XVII. - Lizenz d. Niemeyer-Verl., Tübingen.</subfield>
    </datafield>
    <datafield ind1=" " ind2="7" tag="650">
      <subfield code="2">local</subfield>
      <subfield code="a">Beowulf</subfield>
    </datafield>
    <datafield ind1=" " ind2="7" tag="650">
      <subfield code="2">local</subfield>
      <subfield code="a">Personenname</subfield>
      <subfield code="x">Geschichte</subfield>
    </datafield>
    <datafield ind1=" " ind2="7" tag="650">
      <subfield code="2">local</subfield>
      <subfield code="a">Mittelalter</subfield>
      <subfield code="x">Sprache</subfield>
    </datafield>
    <datafield ind1=" " ind2="7" tag="650">
      <subfield code="2">local</subfield>
      <subfield code="a">Angelsachsen</subfield>
    </datafield>
    <datafield ind1=" " ind2="0" tag="830">
      <subfield code="a">Studien zur englischen Philologie</subfield>
      <subfield code="v">H. 58</subfield>
      <subfield code="9">258</subfield>
    </datafield>
  </record>