
  <record>
    <leader>01171nam a2200325 cc4500</leader>
    <controlfield tag="001">740396250</controlfield>
    <controlfield tag="003">DE-101</controlfield>
    <controlfield tag="005">20091221123737.0</controlfield>
    <controlfield tag="007">tu</controlfield>
    <controlfield tag="008">930101s1973    gw |||||r|||| 00||||ger  </controlfield>
    <datafield ind1=" " ind2=" " tag="015">
      <subfield code="a">74,A35,0659</subfield>
      <subfield code="2">dnb</subfield>
    </datafield>
    <datafield ind1="7" ind2=" " tag="016">
      <subfield code="2">DE-101</subfield>
      <subfield code="a">740396250</subfield>
    </datafield>
    <datafield ind1=" " ind2=" " tag="020">
      <subfield code="a">3535014816</subfield>
      <subfield code="c">Lw. : DM 380.00</subfield>
      <subfield code="9">3-535-01481-6</subfield>
    </datafield>
    <datafield ind1=" " ind2=" " tag="035">
      <subfield code="a">(DE-599)DNB740396250</subfield>
    </datafield>
    <datafield ind1=" " ind2=" " tag="035">
      <subfield code="a">(OCoLC)721300691</subfield>
    </datafield>
    <datafield ind1=" " ind2=" " tag="040">
      <subfield code="a">1200</subfield>
      <subfield code="b">ger</subfield>
      <subfield code="c">DE-101</subfield>
      <subfield code="d">1250</subfield>
    </datafield>
    <datafield ind1=" " ind2=" " tag="041">
      <subfield code="a">ger</subfield>
    </datafield>
    <datafield ind1=" " ind2=" " tag="044">
      <subfield code="c">XA-DE</subfield>
    </datafield>
    <datafield ind1="7" ind2="4" tag="082">
      <subfield code="a">700</subfield>
      <subfield code="a">230</subfield>
      <subfield code="q">DE-101</subfield>
      <subfield code="2">22sdnb</subfield>
    </datafield>
    <datafield ind1=" " ind2=" " tag="084">
      <subfield code="a">700</subfield>
      <subfield code="a">230</subfield>
      <subfield code="q">DE-101</subfield>
      <subfield code="2">sdnb</subfield>
    </datafield>
    <datafield ind1="2" ind2=" " tag="110">
      <subfield code="0">(DE-588)2019134-0</subfield>
      <subfield code="0">(DE-101)540293237</subfield>
      <subfield code="a">al- Matḥaf al-Miṣrī</subfield>
      <subfield code="g">al-Qāhira</subfield>
      <subfield code="4">aut</subfield>
    </datafield>
    <datafield ind1="1" ind2="0" tag="245">
      <subfield code="a">Catalogue général des antiquités égyptiennes du Musée du Caire</subfield>
      <subfield code="n">[...]</subfield>
      <subfield code="p">Koptische Kunst : Nos. 7001 - 7394 et 8742 - 9200 / von Josef Strzygowski</subfield>
      <subfield code="c">Service des Antiquités de l'Egypte</subfield>
    </datafield>
    <datafield ind1=" " ind2=" " tag="250">
      <subfield code="a">Neudr. d. Ausg. von 1904.</subfield>
    </datafield>
    <datafield ind1=" " ind2=" " tag="259">
      <subfield code="a">ndr</subfield>
    </datafield>
    <datafield ind1="3" ind2=" " tag="260">
      <subfield code="a">Osnabrück</subfield>
      <subfield code="b">Zeller</subfield>
      <subfield code="c">1973</subfield>
    </datafield>
    <datafield ind1=" " ind2=" " tag="300">
      <subfield code="a">XXIV, 362, 40 S.</subfield>
    </datafield>
    <datafield ind1=" " ind2="7" tag="650">
      <subfield code="2">local</subfield>
      <subfield code="a">Kopten</subfield>
    </datafield>
    <datafield ind1=" " ind2="7" tag="650">
      <subfield code="2">local</subfield>
      <subfield code="a">Kleinkunst</subfield>
    </datafield>
    <datafield ind1="1" ind2=" " tag="700">
      <subfield code="0">(DE-588)118799223</subfield>
      <subfield code="0">(DE-101)118799223</subfield>
      <subfield code="a">Strzygowski, Josef</subfield>
      <subfield code="d">1862-1941</subfield>
      <subfield code="4">edt</subfield>
      <subfield code="e">Bearb.</subfield>
    </datafield>
    <datafield ind1="0" ind2="8" tag="773">
      <subfield code="q">kopk</subfield>
      <subfield code="w">(DE-101)540293237</subfield>
    </datafield>
  </record>