
  <record>
    <leader>01144nam a2200301 c 4500</leader>
    <controlfield tag="001">750308249</controlfield>
    <controlfield tag="003">DE-101</controlfield>
    <controlfield tag="005">20071224122531.0</controlfield>
    <controlfield tag="007">tu</controlfield>
    <controlfield tag="008">930101s1975    gw |||||r|||| 00||||ger  </controlfield>
    <datafield ind1=" " ind2=" " tag="015">
      <subfield code="a">75,A32,0561</subfield>
      <subfield code="2">dnb</subfield>
    </datafield>
    <datafield ind1="7" ind2=" " tag="016">
      <subfield code="2">DE-101</subfield>
      <subfield code="a">750308249</subfield>
    </datafield>
    <datafield ind1=" " ind2=" " tag="020">
      <subfield code="a">3804400116</subfield>
      <subfield code="c">kart. (Preis nicht mitgeteilt)</subfield>
      <subfield code="9">3-8044-0011-6</subfield>
    </datafield>
    <datafield ind1=" " ind2=" " tag="035">
      <subfield code="a">(DE-599)DNB750308249</subfield>
    </datafield>
    <datafield ind1=" " ind2=" " tag="035">
      <subfield code="a">(OCoLC)74208439</subfield>
    </datafield>
    <datafield ind1=" " ind2=" " tag="040">
      <subfield code="a">1200</subfield>
      <subfield code="b">ger</subfield>
      <subfield code="c">DE-101</subfield>
      <subfield code="d">9999</subfield>
    </datafield>
    <datafield ind1=" " ind2=" " tag="041">
      <subfield code="a">ger</subfield>
    </datafield>
    <datafield ind1=" " ind2=" " tag="044">
      <subfield code="c">XA-DE</subfield>
    </datafield>
    <datafield ind1="7" ind2="4" tag="082">
      <subfield code="q">DE-101</subfield>
      <subfield code="2">22sdnb</subfield>
    </datafield>
    <datafield ind1=" " ind2=" " tag="084">
      <subfield code="a">23</subfield>
      <subfield code="a">S</subfield>
      <subfield code="q">DE-101</subfield>
      <subfield code="2">sdnb</subfield>
    </datafield>
    <datafield ind1="1" ind2=" " tag="100">
      <subfield code="0">(DE-588)131780999</subfield>
      <subfield code="0">(DE-101)131780999</subfield>
      <subfield code="a">Brinkmann, Karl</subfield>
      <subfield code="d">1907-</subfield>
      <subfield code="4">aut</subfield>
    </datafield>
    <datafield ind1="1" ind2="0" tag="245">
      <subfield code="a">Wolfgang Borchert, Draussen vor der Tür und Die Hundeblume, Die drei dunklen Könige, An diesem Dienstag, Die Küchenuhr, Nachts schlafen die Ratten doch, Schischyphusch</subfield>
      <subfield code="c">von Karl Brinkmann</subfield>
    </datafield>
    <datafield ind1=" " ind2=" " tag="250">
      <subfield code="a">7. Aufl.</subfield>
    </datafield>
    <datafield ind1=" " ind2=" " tag="259">
      <subfield code="a">17</subfield>
    </datafield>
    <datafield ind1="3" ind2=" " tag="260">
      <subfield code="a">Hollfeld (Obfr.)</subfield>
      <subfield code="b">Bange</subfield>
      <subfield code="c">1975, [1975 ?]</subfield>
    </datafield>
    <datafield ind1=" " ind2=" " tag="300">
      <subfield code="a">79 S.;</subfield>
      <subfield code="c">16 cm</subfield>
    </datafield>
    <datafield ind1="1" ind2=" " tag="490">
      <subfield code="a">[Doktor Wilhelm Königs Erläuterungen zu den Klassikern] Königs Erläuterungen</subfield>
      <subfield code="v">Bd. 299</subfield>
    </datafield>
    <datafield ind1=" " ind2="0" tag="830">
      <subfield code="a">Doktor Wilhelm Königs Erläuterungen zu den Klassikern</subfield>
      <subfield code="v">Bd. 299</subfield>
      <subfield code="9">3299</subfield>
    </datafield>
  </record>