
  <record>
    <leader>01505nam a2200373 c 4500</leader>
    <controlfield tag="001">750333235</controlfield>
    <controlfield tag="003">DE-101</controlfield>
    <controlfield tag="005">20100216164300.0</controlfield>
    <controlfield tag="007">tu</controlfield>
    <controlfield tag="008">930101s1975    gw |||||r|||| 00||||ger  </controlfield>
    <datafield ind1=" " ind2=" " tag="015">
      <subfield code="a">75,A34,0763</subfield>
      <subfield code="2">dnb</subfield>
    </datafield>
    <datafield ind1="7" ind2=" " tag="016">
      <subfield code="2">DE-101</subfield>
      <subfield code="a">750333235</subfield>
    </datafield>
    <datafield ind1=" " ind2=" " tag="020">
      <subfield code="a">3531024655</subfield>
      <subfield code="c">kart. : DM 13.00</subfield>
      <subfield code="9">3-531-02465-5</subfield>
    </datafield>
    <datafield ind1=" " ind2=" " tag="035">
      <subfield code="a">(DE-599)DNB750333235</subfield>
    </datafield>
    <datafield ind1=" " ind2=" " tag="035">
      <subfield code="a">(OCoLC)610941326</subfield>
    </datafield>
    <datafield ind1=" " ind2=" " tag="040">
      <subfield code="a">1200</subfield>
      <subfield code="b">ger</subfield>
      <subfield code="c">DE-101</subfield>
      <subfield code="d">1140</subfield>
    </datafield>
    <datafield ind1=" " ind2=" " tag="041">
      <subfield code="a">ger</subfield>
    </datafield>
    <datafield ind1=" " ind2=" " tag="044">
      <subfield code="c">XA-DE</subfield>
    </datafield>
    <datafield ind1="7" ind2="4" tag="082">
      <subfield code="q">DE-101</subfield>
      <subfield code="2">22sdnb</subfield>
    </datafield>
    <datafield ind1=" " ind2=" " tag="084">
      <subfield code="a">17a</subfield>
      <subfield code="a">04a</subfield>
      <subfield code="a">610</subfield>
      <subfield code="q">DE-101</subfield>
      <subfield code="2">sdnb</subfield>
    </datafield>
    <datafield ind1="1" ind2="0" tag="245">
      <subfield code="a">Untersuchung psychiatrischer und psychologischer Faktoren, welche für Selbstbeschädigungen (das sog[enannte] Metallschlucken) von Häftlingen in Strafanstalten bestimmend sind</subfield>
      <subfield code="c">Beowulf Tacke [u. a.]</subfield>
    </datafield>
    <datafield ind1="3" ind2=" " tag="260">
      <subfield code="a">Opladen</subfield>
      <subfield code="b">Westdeutscher Verlag</subfield>
      <subfield code="c">1975</subfield>
    </datafield>
    <datafield ind1=" " ind2=" " tag="300">
      <subfield code="a">78 S.</subfield>
      <subfield code="b">6 graph. Darst.;</subfield>
      <subfield code="c">24 cm</subfield>
    </datafield>
    <datafield ind1="1" ind2=" " tag="490">
      <subfield code="a">Forschungsberichte des Landes Nordrhein-Westfalen</subfield>
      <subfield code="v">Nr. 2465</subfield>
    </datafield>
    <datafield ind1=" " ind2=" " tag="500">
      <subfield code="a">Literaturverz. S. 66 - 72.</subfield>
    </datafield>
    <datafield ind1=" " ind2="7" tag="650">
      <subfield code="2">local</subfield>
      <subfield code="a">Strafgefangener</subfield>
    </datafield>
    <datafield ind1=" " ind2="7" tag="650">
      <subfield code="2">local</subfield>
      <subfield code="a">Psychopath</subfield>
    </datafield>
    <datafield ind1=" " ind2="7" tag="650">
      <subfield code="2">local</subfield>
      <subfield code="a">Selbstverstümmelung</subfield>
    </datafield>
    <datafield ind1=" " ind2="7" tag="650">
      <subfield code="2">local</subfield>
      <subfield code="a">Selbstbeschädigung</subfield>
    </datafield>
    <datafield ind1=" " ind2="7" tag="650">
      <subfield code="2">local</subfield>
      <subfield code="a">Strafgefangener</subfield>
    </datafield>
    <datafield ind1=" " ind2="7" tag="650">
      <subfield code="2">local</subfield>
      <subfield code="a">Selbstverstümmelung</subfield>
    </datafield>
    <datafield ind1="1" ind2=" " tag="700">
      <subfield code="0">(DE-588)106163906</subfield>
      <subfield code="0">(DE-101)106163906</subfield>
      <subfield code="a">Tacke, Beowulf</subfield>
      <subfield code="4">ctb</subfield>
      <subfield code="e">Mitarb.</subfield>
    </datafield>
    <datafield ind1="2" ind2=" " tag="710">
      <subfield code="0">(DE-588)2020502-8</subfield>
      <subfield code="0">(DE-101)004784642</subfield>
      <subfield code="a">Nordrhein-Westfalen</subfield>
    </datafield>
    <datafield ind1="2" ind2=" " tag="810">
      <subfield code="a">Nordrhein-Westfalen</subfield>
      <subfield code="4">aut</subfield>
      <subfield code="t">Forschungsberichte des Landes Nordrhein-Westfalen</subfield>
      <subfield code="v">Nr. 2465</subfield>
      <subfield code="w">(DE-101)012803448</subfield>
      <subfield code="w">(DE-600)526591-5</subfield>
      <subfield code="9">42465</subfield>
    </datafield>
  </record>