
  <record>
    <leader>01471nam a2200373 c 4500</leader>
    <controlfield tag="001">750460466</controlfield>
    <controlfield tag="003">DE-101</controlfield>
    <controlfield tag="005">20071224124413.0</controlfield>
    <controlfield tag="007">tu</controlfield>
    <controlfield tag="008">930101s1975    gw |||||r|||| 00||||ger  </controlfield>
    <datafield ind1=" " ind2=" " tag="015">
      <subfield code="a">75,A45,0077</subfield>
      <subfield code="2">dnb</subfield>
    </datafield>
    <datafield ind1="7" ind2=" " tag="016">
      <subfield code="2">DE-101</subfield>
      <subfield code="a">750460466</subfield>
    </datafield>
    <datafield ind1=" " ind2=" " tag="020">
      <subfield code="a">3506701819</subfield>
      <subfield code="c">kart. : DM 38.00</subfield>
      <subfield code="9">3-506-70181-9</subfield>
    </datafield>
    <datafield ind1=" " ind2=" " tag="020">
      <subfield code="z">3506701810</subfield>
      <subfield code="c">kart. : DM 38.00</subfield>
      <subfield code="9">3-506-70181-0</subfield>
    </datafield>
    <datafield ind1=" " ind2=" " tag="035">
      <subfield code="a">(DE-599)DNB750460466</subfield>
    </datafield>
    <datafield ind1=" " ind2=" " tag="035">
      <subfield code="a">(OCoLC)263647484</subfield>
    </datafield>
    <datafield ind1=" " ind2=" " tag="040">
      <subfield code="a">1200</subfield>
      <subfield code="b">ger</subfield>
      <subfield code="c">DE-101</subfield>
      <subfield code="d">9999</subfield>
    </datafield>
    <datafield ind1=" " ind2=" " tag="041">
      <subfield code="a">ger</subfield>
    </datafield>
    <datafield ind1=" " ind2=" " tag="044">
      <subfield code="c">XA-DE</subfield>
    </datafield>
    <datafield ind1="7" ind2="4" tag="082">
      <subfield code="q">DE-101</subfield>
      <subfield code="2">22sdnb</subfield>
    </datafield>
    <datafield ind1=" " ind2=" " tag="084">
      <subfield code="a">02a</subfield>
      <subfield code="a">03b</subfield>
      <subfield code="a">200</subfield>
      <subfield code="a">220</subfield>
      <subfield code="a">230</subfield>
      <subfield code="a">290</subfield>
      <subfield code="q">DE-101</subfield>
      <subfield code="2">sdnb</subfield>
    </datafield>
    <datafield ind1="1" ind2=" " tag="100">
      <subfield code="0">(DE-588)105834939</subfield>
      <subfield code="0">(DE-101)105834939</subfield>
      <subfield code="a">Tenzler, Johannes</subfield>
      <subfield code="4">aut</subfield>
    </datafield>
    <datafield ind1="1" ind2="0" tag="245">
      <subfield code="a">Selbstfindung und Gotteserfahrung</subfield>
      <subfield code="b">die Persönlichkeit C. G. Jungs u. ihr zentraler Niederschlag in seiner "Komplexen Psychologie"</subfield>
      <subfield code="c">Johannes Tenzler</subfield>
    </datafield>
    <datafield ind1="3" ind2=" " tag="260">
      <subfield code="a">München, Paderborn, Wien</subfield>
      <subfield code="b">Schöningh</subfield>
      <subfield code="c">1975</subfield>
    </datafield>
    <datafield ind1=" " ind2=" " tag="300">
      <subfield code="a">400 S.;</subfield>
      <subfield code="c">21 cm</subfield>
    </datafield>
    <datafield ind1="1" ind2=" " tag="490">
      <subfield code="a">Abhandlungen zur Philosophie, Psychologie, Soziologie der Religion und Ökumenik</subfield>
      <subfield code="v">H. 31</subfield>
    </datafield>
    <datafield ind1=" " ind2=" " tag="500">
      <subfield code="a">Literaturverz. S. 385 - 396.</subfield>
    </datafield>
    <datafield ind1="1" ind2="7" tag="600">
      <subfield code="2">local</subfield>
      <subfield code="a">Jung, Carl Gustav</subfield>
    </datafield>
    <datafield ind1=" " ind2="7" tag="650">
      <subfield code="2">local</subfield>
      <subfield code="a">Gott</subfield>
    </datafield>
    <datafield ind1=" " ind2="7" tag="650">
      <subfield code="2">local</subfield>
      <subfield code="a">Religionspsychologie</subfield>
    </datafield>
    <datafield ind1=" " ind2="7" tag="650">
      <subfield code="2">local</subfield>
      <subfield code="a">Komplexe Psychologie</subfield>
    </datafield>
    <datafield ind1=" " ind2="7" tag="650">
      <subfield code="2">local</subfield>
      <subfield code="a">Analytische Psychologie</subfield>
    </datafield>
    <datafield ind1=" " ind2="7" tag="650">
      <subfield code="2">local</subfield>
      <subfield code="a">Jung, Carl Gustav</subfield>
    </datafield>
    <datafield ind1=" " ind2="0" tag="830">
      <subfield code="a">Abhandlungen zur Philosophie, Psychologie, Soziologie der Religion und Ökumenik</subfield>
      <subfield code="v">H. 31</subfield>
      <subfield code="w">(DE-101)012621412</subfield>
      <subfield code="w">(DE-600)501906-0</subfield>
      <subfield code="9">231</subfield>
    </datafield>
  </record>