
  <record>
    <leader>01503nam a2200337 c 4500</leader>
    <controlfield tag="001">760032378</controlfield>
    <controlfield tag="003">DE-101</controlfield>
    <controlfield tag="005">20071224134433.0</controlfield>
    <controlfield tag="007">tu</controlfield>
    <controlfield tag="008">751112s1975    xx |||||r|||| 00||||ger  </controlfield>
    <datafield ind1=" " ind2=" " tag="015">
      <subfield code="a">76,A06,0115</subfield>
      <subfield code="2">dnb</subfield>
    </datafield>
    <datafield ind1="7" ind2=" " tag="016">
      <subfield code="2">DE-101</subfield>
      <subfield code="a">760032378</subfield>
    </datafield>
    <datafield ind1=" " ind2=" " tag="020">
      <subfield code="c">kart. : M 3.60</subfield>
    </datafield>
    <datafield ind1=" " ind2=" " tag="035">
      <subfield code="a">(DE-599)DNB760032378</subfield>
    </datafield>
    <datafield ind1=" " ind2=" " tag="035">
      <subfield code="a">(OCoLC)614460670</subfield>
    </datafield>
    <datafield ind1=" " ind2=" " tag="040">
      <subfield code="a">1200</subfield>
      <subfield code="b">ger</subfield>
      <subfield code="c">DE-101</subfield>
      <subfield code="d">9999</subfield>
    </datafield>
    <datafield ind1=" " ind2=" " tag="041">
      <subfield code="a">ger</subfield>
    </datafield>
    <datafield ind1=" " ind2=" " tag="044">
      <subfield code="c">XA-DDDE</subfield>
    </datafield>
    <datafield ind1="7" ind2="4" tag="082">
      <subfield code="q">DE-101</subfield>
      <subfield code="2">22sdnb</subfield>
    </datafield>
    <datafield ind1=" " ind2=" " tag="084">
      <subfield code="a">05b</subfield>
      <subfield code="a">1600</subfield>
      <subfield code="a">300</subfield>
      <subfield code="a">360</subfield>
      <subfield code="a">710</subfield>
      <subfield code="a">900</subfield>
      <subfield code="a">940</subfield>
      <subfield code="a">943</subfield>
      <subfield code="a">950</subfield>
      <subfield code="a">960</subfield>
      <subfield code="a">970</subfield>
      <subfield code="a">980</subfield>
      <subfield code="a">990</subfield>
      <subfield code="a">310</subfield>
      <subfield code="q">DE-101</subfield>
      <subfield code="2">sdnb</subfield>
    </datafield>
    <datafield ind1="1" ind2="0" tag="245">
      <subfield code="a">Lebensweise, Kultur, Persönlichkeit</subfield>
      <subfield code="b">Materialien vom II. Kongress d. Marxist.-Leninist. Soziologie in d. DDR, 15. - 17. Mai 1974</subfield>
      <subfield code="c">[hrsg. vom Wiss. Rat für Soziolog. Forschung in d. DDR. Wiss. Red.: Frank Adler ...]</subfield>
    </datafield>
    <datafield ind1="3" ind2=" " tag="260">
      <subfield code="a">Berlin</subfield>
      <subfield code="b">Dietz</subfield>
      <subfield code="c">1975</subfield>
    </datafield>
    <datafield ind1=" " ind2=" " tag="300">
      <subfield code="a">140 S.</subfield>
      <subfield code="c">20 cm</subfield>
    </datafield>
    <datafield ind1="0" ind2=" " tag="490">
      <subfield code="a">Schriftenreihe Soziologie</subfield>
    </datafield>
    <datafield ind1=" " ind2="7" tag="650">
      <subfield code="2">local</subfield>
      <subfield code="a">Persönlichkeit</subfield>
    </datafield>
    <datafield ind1=" " ind2="7" tag="650">
      <subfield code="2">local</subfield>
      <subfield code="a">Deutschland &lt;DDR&gt;</subfield>
    </datafield>
    <datafield ind1=" " ind2="7" tag="650">
      <subfield code="2">local</subfield>
      <subfield code="a">Deutsche Demokratische Republik</subfield>
      <subfield code="x">Soziale Verhältnisse</subfield>
    </datafield>
    <datafield ind1=" " ind2="7" tag="650">
      <subfield code="2">local</subfield>
      <subfield code="a">Soziologie</subfield>
      <subfield code="x">Kongresse, Tagungen</subfield>
      <subfield code="x">Länder, Gebiete, Völker // Deutsche Demokratische Republik</subfield>
    </datafield>
    <datafield ind1="1" ind2=" " tag="700">
      <subfield code="0">(DE-588)108341348</subfield>
      <subfield code="0">(DE-101)108341348</subfield>
      <subfield code="a">Adler, Frank</subfield>
      <subfield code="4">red</subfield>
      <subfield code="e">Red.</subfield>
    </datafield>
    <datafield ind1="2" ind2=" " tag="710">
      <subfield code="0">(DE-588)2026444-6</subfield>
      <subfield code="0">(DE-101)004833996</subfield>
      <subfield code="a">Wissenschaftlicher Rat für Soziologische Forschung in der DDR</subfield>
    </datafield>
    <datafield ind1="2" ind2=" " tag="711">
      <subfield code="0">(DE-588)2038112-8</subfield>
      <subfield code="0">(DE-101)004933753</subfield>
      <subfield code="a">Kongress der Marxistisch-Leninistischen Soziologie in der DDR</subfield>
      <subfield code="n">2</subfield>
      <subfield code="d">1974</subfield>
      <subfield code="c">Berlin, Ost</subfield>
    </datafield>
  </record>