
  <record>
    <leader>00876nam a2200265 c 4500</leader>
    <controlfield tag="001">760684340</controlfield>
    <controlfield tag="003">DE-101</controlfield>
    <controlfield tag="005">20071224151252.0</controlfield>
    <controlfield tag="007">tu</controlfield>
    <controlfield tag="008">941111s1975    gw |||||rm||| 00||||ger  </controlfield>
    <datafield ind1=" " ind2=" " tag="015">
      <subfield code="a">76,H09,0033</subfield>
      <subfield code="2">dnb</subfield>
    </datafield>
    <datafield ind1="7" ind2=" " tag="016">
      <subfield code="2">DE-101</subfield>
      <subfield code="a">760684340</subfield>
    </datafield>
    <datafield ind1=" " ind2=" " tag="035">
      <subfield code="a">(DE-599)DNB760684340</subfield>
    </datafield>
    <datafield ind1=" " ind2=" " tag="035">
      <subfield code="a">(OCoLC)256977850</subfield>
    </datafield>
    <datafield ind1=" " ind2=" " tag="040">
      <subfield code="a">1200</subfield>
      <subfield code="b">ger</subfield>
      <subfield code="c">DE-101</subfield>
      <subfield code="d">9999</subfield>
    </datafield>
    <datafield ind1=" " ind2=" " tag="041">
      <subfield code="a">ger</subfield>
    </datafield>
    <datafield ind1=" " ind2=" " tag="044">
      <subfield code="c">XA-DE</subfield>
    </datafield>
    <datafield ind1="7" ind2="4" tag="082">
      <subfield code="q">DE-101</subfield>
      <subfield code="2">22sdnb</subfield>
    </datafield>
    <datafield ind1=" " ind2=" " tag="084">
      <subfield code="a">03b</subfield>
      <subfield code="a">130</subfield>
      <subfield code="a">150</subfield>
      <subfield code="q">DE-101</subfield>
      <subfield code="2">sdnb</subfield>
    </datafield>
    <datafield ind1="1" ind2=" " tag="100">
      <subfield code="0">(DE-588)108580466</subfield>
      <subfield code="0">(DE-101)108580466</subfield>
      <subfield code="a">Hoffmann, Kristine</subfield>
      <subfield code="4">aut</subfield>
    </datafield>
    <datafield ind1="1" ind2="0" tag="245">
      <subfield code="a">Der Einfluss der Persönlichkeit auf das Image von Wohnarealen</subfield>
      <subfield code="b">ein empirischer Beitrag der Psychologie zur Stadtgestaltung.</subfield>
    </datafield>
    <datafield ind1="3" ind2=" " tag="260">
      <subfield code="c">1975</subfield>
    </datafield>
    <datafield ind1=" " ind2=" " tag="300">
      <subfield code="a">VIII, 214 S.</subfield>
      <subfield code="b">Anh.</subfield>
      <subfield code="c">21 cm</subfield>
    </datafield>
    <datafield ind1=" " ind2=" " tag="502">
      <subfield code="a">Erlangen, Nürnberg, Univ., Fachbereich Wirtschafts- u. Sozialwiss. &lt;Nürnberg&gt;, Diss., 1975.</subfield>
    </datafield>
    <datafield ind1="r" ind2=" " tag="925">
      <subfield code="a">rh</subfield>
    </datafield>
  </record>