
  <record>
    <leader>01110nam a2200313 cb4500</leader>
    <controlfield tag="001">770337996</controlfield>
    <controlfield tag="003">DE-101</controlfield>
    <controlfield tag="005">20071224161523.0</controlfield>
    <controlfield tag="007">tu</controlfield>
    <controlfield tag="008">770712s1977    gw |||||r|||| 00||||ger  </controlfield>
    <datafield ind1=" " ind2=" " tag="015">
      <subfield code="a">77,A36,0057</subfield>
      <subfield code="2">dnb</subfield>
    </datafield>
    <datafield ind1="7" ind2=" " tag="016">
      <subfield code="2">DE-101</subfield>
      <subfield code="a">770337996</subfield>
    </datafield>
    <datafield ind1=" " ind2=" " tag="020">
      <subfield code="a">3530562548</subfield>
      <subfield code="c">Lw. : DM 58.00</subfield>
      <subfield code="9">3-530-56254-8</subfield>
    </datafield>
    <datafield ind1=" " ind2=" " tag="035">
      <subfield code="a">(DE-599)DNB770337996</subfield>
    </datafield>
    <datafield ind1=" " ind2=" " tag="035">
      <subfield code="a">(OCoLC)721264837</subfield>
    </datafield>
    <datafield ind1=" " ind2=" " tag="040">
      <subfield code="a">1200</subfield>
      <subfield code="b">ger</subfield>
      <subfield code="c">DE-101</subfield>
      <subfield code="d">9999</subfield>
    </datafield>
    <datafield ind1=" " ind2=" " tag="041">
      <subfield code="a">ger</subfield>
    </datafield>
    <datafield ind1=" " ind2=" " tag="044">
      <subfield code="c">XA-DE</subfield>
    </datafield>
    <datafield ind1="7" ind2="4" tag="082">
      <subfield code="q">DE-101</subfield>
      <subfield code="2">22sdnb</subfield>
    </datafield>
    <datafield ind1=" " ind2=" " tag="084">
      <subfield code="a">03b</subfield>
      <subfield code="a">130</subfield>
      <subfield code="a">150</subfield>
      <subfield code="q">DE-101</subfield>
      <subfield code="2">sdnb</subfield>
    </datafield>
    <datafield ind1="1" ind2=" " tag="100">
      <subfield code="0">(DE-588)119347962</subfield>
      <subfield code="0">(DE-101)119347962</subfield>
      <subfield code="a">Meier, Carl A.</subfield>
      <subfield code="d">1903-1955</subfield>
      <subfield code="4">aut</subfield>
    </datafield>
    <datafield ind1="1" ind2="0" tag="245">
      <subfield code="a">Persönlichkeit</subfield>
      <subfield code="b">d. Individuationsprozess im Lichte d. Typologie C. G. Jungs</subfield>
      <subfield code="c">C. A. Meier</subfield>
    </datafield>
    <datafield ind1="3" ind2=" " tag="260">
      <subfield code="a">Olten, Freiburg im Breisgau</subfield>
      <subfield code="b">Walter</subfield>
      <subfield code="c">1977</subfield>
    </datafield>
    <datafield ind1=" " ind2=" " tag="300">
      <subfield code="a">332 S.</subfield>
      <subfield code="b">9 graph. Darst.</subfield>
      <subfield code="c">22 cm</subfield>
    </datafield>
    <datafield ind1="1" ind2=" " tag="490">
      <subfield code="a">Lehrbuch der komplexen Psychologie C. G. Jungs / [C. A. Meier] ; Bd. 4</subfield>
    </datafield>
    <datafield ind1=" " ind2=" " tag="500">
      <subfield code="a">Literaturverz. S. 259 - 266.</subfield>
    </datafield>
    <datafield ind1="1" ind2="7" tag="600">
      <subfield code="2">local</subfield>
      <subfield code="a">Jung, Carl Gustav</subfield>
    </datafield>
    <datafield ind1=" " ind2="7" tag="650">
      <subfield code="2">local</subfield>
      <subfield code="a">Individuation</subfield>
    </datafield>
    <datafield ind1=" " ind2="0" tag="830">
      <subfield code="a">Lehrbuch der komplexen Psychologie C. G. Jungs / [C. A. Meier] ; Bd. 4</subfield>
    </datafield>
  </record>