
  <record>
    <leader>01288nam a2200349 c 4500</leader>
    <controlfield tag="001">770430422</controlfield>
    <controlfield tag="003">DE-101</controlfield>
    <controlfield tag="005">20071224163018.0</controlfield>
    <controlfield tag="007">tu</controlfield>
    <controlfield tag="008">770922s1977    xx |||||r|||| 00||||ger  </controlfield>
    <datafield ind1=" " ind2=" " tag="015">
      <subfield code="a">77,A45,0196</subfield>
      <subfield code="2">dnb</subfield>
    </datafield>
    <datafield ind1="7" ind2=" " tag="016">
      <subfield code="2">DE-101</subfield>
      <subfield code="a">770430422</subfield>
    </datafield>
    <datafield ind1=" " ind2=" " tag="020">
      <subfield code="c">kart. : M 5.60</subfield>
    </datafield>
    <datafield ind1=" " ind2=" " tag="035">
      <subfield code="a">(DE-599)DNB770430422</subfield>
    </datafield>
    <datafield ind1=" " ind2=" " tag="035">
      <subfield code="a">(OCoLC)613344044</subfield>
    </datafield>
    <datafield ind1=" " ind2=" " tag="040">
      <subfield code="a">1200</subfield>
      <subfield code="b">ger</subfield>
      <subfield code="c">DE-101</subfield>
      <subfield code="d">9999</subfield>
    </datafield>
    <datafield ind1=" " ind2=" " tag="041">
      <subfield code="a">ger</subfield>
    </datafield>
    <datafield ind1=" " ind2=" " tag="044">
      <subfield code="c">XA-DDDE</subfield>
    </datafield>
    <datafield ind1="7" ind2="4" tag="082">
      <subfield code="q">DE-101</subfield>
      <subfield code="2">22sdnb</subfield>
    </datafield>
    <datafield ind1=" " ind2=" " tag="084">
      <subfield code="a">05b</subfield>
      <subfield code="a">0100</subfield>
      <subfield code="a">300</subfield>
      <subfield code="a">360</subfield>
      <subfield code="a">710</subfield>
      <subfield code="a">900</subfield>
      <subfield code="a">940</subfield>
      <subfield code="a">943</subfield>
      <subfield code="a">950</subfield>
      <subfield code="a">960</subfield>
      <subfield code="a">970</subfield>
      <subfield code="a">980</subfield>
      <subfield code="a">990</subfield>
      <subfield code="a">330</subfield>
      <subfield code="q">DE-101</subfield>
      <subfield code="2">sdnb</subfield>
    </datafield>
    <datafield ind1="1" ind2=" " tag="100">
      <subfield code="0">(DE-588)108341348</subfield>
      <subfield code="0">(DE-101)108341348</subfield>
      <subfield code="a">Adler, Frank</subfield>
      <subfield code="4">aut</subfield>
    </datafield>
    <datafield ind1="1" ind2="0" tag="245">
      <subfield code="a">Arbeiterklasse und Persönlichkeit im Sozialismus</subfield>
      <subfield code="b">[mit 3 Tab.]</subfield>
      <subfield code="c">Frank Adler ; Horst Jetzschmann ; Albrecht Kretzschmar</subfield>
    </datafield>
    <datafield ind1="3" ind2=" " tag="260">
      <subfield code="a">Berlin</subfield>
      <subfield code="b">Dietz</subfield>
      <subfield code="c">1977</subfield>
    </datafield>
    <datafield ind1=" " ind2=" " tag="300">
      <subfield code="a">228 S.</subfield>
      <subfield code="c">20 cm</subfield>
    </datafield>
    <datafield ind1="0" ind2=" " tag="490">
      <subfield code="a">Schriftenreihe Soziologie</subfield>
    </datafield>
    <datafield ind1=" " ind2="7" tag="650">
      <subfield code="2">local</subfield>
      <subfield code="a">Sozialistische Bewusstseinsbildung</subfield>
    </datafield>
    <datafield ind1=" " ind2="7" tag="650">
      <subfield code="2">local</subfield>
      <subfield code="a">Arbeiter</subfield>
    </datafield>
    <datafield ind1=" " ind2="7" tag="650">
      <subfield code="2">local</subfield>
      <subfield code="a">Deutschland &lt;DDR&gt;</subfield>
    </datafield>
    <datafield ind1=" " ind2="7" tag="650">
      <subfield code="2">local</subfield>
      <subfield code="a">Persönlichkeit</subfield>
    </datafield>
    <datafield ind1=" " ind2="7" tag="650">
      <subfield code="2">local</subfield>
      <subfield code="a">Arbeiterklasse</subfield>
      <subfield code="x">Länder, Gebiete, Völker // Sozialistische Länder</subfield>
    </datafield>
    <datafield ind1="1" ind2=" " tag="700">
      <subfield code="0">(DE-588)106018442</subfield>
      <subfield code="0">(DE-101)106018442</subfield>
      <subfield code="a">Jetzschmann, Horst</subfield>
      <subfield code="4">aut</subfield>
    </datafield>
    <datafield ind1="1" ind2=" " tag="700">
      <subfield code="0">(DE-588)108787702</subfield>
      <subfield code="0">(DE-101)108787702</subfield>
      <subfield code="a">Kretzschmar, Albrecht</subfield>
      <subfield code="4">aut</subfield>
    </datafield>
  </record>