
  <record>
    <leader>01260nam a2200349 c 4500</leader>
    <controlfield tag="001">770693040</controlfield>
    <controlfield tag="003">DE-101</controlfield>
    <controlfield tag="005">20071224170554.0</controlfield>
    <controlfield tag="007">tu</controlfield>
    <controlfield tag="008">770107s1977    gw |||||r|||| 00||||ger  </controlfield>
    <datafield ind1=" " ind2=" " tag="015">
      <subfield code="a">77,A10,0124</subfield>
      <subfield code="2">dnb</subfield>
    </datafield>
    <datafield ind1="7" ind2=" " tag="016">
      <subfield code="2">DE-101</subfield>
      <subfield code="a">770693040</subfield>
    </datafield>
    <datafield ind1=" " ind2=" " tag="020">
      <subfield code="a">343602404X</subfield>
      <subfield code="c">kart. : DM 6.80</subfield>
      <subfield code="9">3-436-02404-X</subfield>
    </datafield>
    <datafield ind1=" " ind2=" " tag="035">
      <subfield code="a">(DE-599)DNB770693040</subfield>
    </datafield>
    <datafield ind1=" " ind2=" " tag="035">
      <subfield code="a">(OCoLC)74388400</subfield>
    </datafield>
    <datafield ind1=" " ind2=" " tag="040">
      <subfield code="a">1200</subfield>
      <subfield code="b">ger</subfield>
      <subfield code="c">DE-101</subfield>
      <subfield code="d">9999</subfield>
    </datafield>
    <datafield ind1=" " ind2=" " tag="041">
      <subfield code="a">ger</subfield>
    </datafield>
    <datafield ind1=" " ind2=" " tag="044">
      <subfield code="c">XA-DE</subfield>
    </datafield>
    <datafield ind1="7" ind2="4" tag="082">
      <subfield code="q">DE-101</subfield>
      <subfield code="2">22sdnb</subfield>
    </datafield>
    <datafield ind1=" " ind2=" " tag="084">
      <subfield code="a">03b</subfield>
      <subfield code="a">130</subfield>
      <subfield code="a">150</subfield>
      <subfield code="q">DE-101</subfield>
      <subfield code="2">sdnb</subfield>
    </datafield>
    <datafield ind1="1" ind2=" " tag="100">
      <subfield code="0">(DE-588)10797407X</subfield>
      <subfield code="0">(DE-101)10797407X</subfield>
      <subfield code="a">Lowe, Gordon R.</subfield>
      <subfield code="4">aut</subfield>
    </datafield>
    <datafield ind1="1" ind2="0" tag="245">
      <subfield code="a">Erkenne dich und die anderen</subfield>
      <subfield code="b">prakt. Psychologie d. Lebensalter</subfield>
      <subfield code="c">Gordon R. Lowe. [Aus d. Engl. übers. von Gert Wolff]</subfield>
    </datafield>
    <datafield ind1=" " ind2=" " tag="250">
      <subfield code="a">Ungekürzte Ausg.</subfield>
    </datafield>
    <datafield ind1=" " ind2=" " tag="259">
      <subfield code="a">una</subfield>
    </datafield>
    <datafield ind1="3" ind2=" " tag="260">
      <subfield code="a">Frankfurt am Main</subfield>
      <subfield code="b">Fischer-Taschenbuch-Verlag</subfield>
      <subfield code="c">1977</subfield>
    </datafield>
    <datafield ind1=" " ind2=" " tag="300">
      <subfield code="a">305 S.</subfield>
      <subfield code="c">18 cm</subfield>
    </datafield>
    <datafield ind1="1" ind2=" " tag="490">
      <subfield code="a">Fischer-Taschenbücher</subfield>
      <subfield code="v">6341 : Bücher d. Wissens</subfield>
    </datafield>
    <datafield ind1=" " ind2=" " tag="500">
      <subfield code="a">Lizenz d. S.-Fischer-Verl., Frankfurt am Main =Literaturverz. S. 301 - 303.</subfield>
    </datafield>
    <datafield ind1=" " ind2="7" tag="650">
      <subfield code="2">local</subfield>
      <subfield code="a">Entwicklungspsychologie</subfield>
    </datafield>
    <datafield ind1=" " ind2="7" tag="650">
      <subfield code="2">local</subfield>
      <subfield code="a">Entwicklungspsychologie</subfield>
    </datafield>
    <datafield ind1="0" ind2=" " tag="730">
      <subfield code="a">The growth of personality</subfield>
      <subfield code="g">dt.</subfield>
    </datafield>
    <datafield ind1=" " ind2="0" tag="830">
      <subfield code="a">Fischer-Taschenbücher</subfield>
      <subfield code="v">6341 : Bücher d. Wissens</subfield>
      <subfield code="9">46341</subfield>
    </datafield>
  </record>