
  <record>
    <leader>00942nam a2200289 c 4500</leader>
    <controlfield tag="001">780104544</controlfield>
    <controlfield tag="003">DE-101</controlfield>
    <controlfield tag="005">20120627003241.0</controlfield>
    <controlfield tag="007">tu</controlfield>
    <controlfield tag="008">780119s1977    xx |||||r|||| 00||||ger  </controlfield>
    <datafield ind1=" " ind2=" " tag="015">
      <subfield code="a">78,A10,0553</subfield>
      <subfield code="2">dnb</subfield>
    </datafield>
    <datafield ind1="7" ind2=" " tag="016">
      <subfield code="2">DE-101</subfield>
      <subfield code="a">780104544</subfield>
    </datafield>
    <datafield ind1=" " ind2=" " tag="020">
      <subfield code="c">Lw. : M 17.50</subfield>
    </datafield>
    <datafield ind1=" " ind2=" " tag="035">
      <subfield code="a">(DE-599)DNB780104544</subfield>
    </datafield>
    <datafield ind1=" " ind2=" " tag="035">
      <subfield code="a">(OCoLC)74412332</subfield>
    </datafield>
    <datafield ind1=" " ind2=" " tag="040">
      <subfield code="a">1200</subfield>
      <subfield code="b">ger</subfield>
      <subfield code="c">DE-101</subfield>
      <subfield code="d">9999</subfield>
    </datafield>
    <datafield ind1=" " ind2=" " tag="041">
      <subfield code="a">ger</subfield>
    </datafield>
    <datafield ind1=" " ind2=" " tag="044">
      <subfield code="c">XA-DDDE</subfield>
    </datafield>
    <datafield ind1="7" ind2="4" tag="082">
      <subfield code="q">DE-101</subfield>
      <subfield code="2">22sdnb</subfield>
    </datafield>
    <datafield ind1=" " ind2=" " tag="084">
      <subfield code="a">09a</subfield>
      <subfield code="a">K</subfield>
      <subfield code="q">DE-101</subfield>
      <subfield code="2">sdnb</subfield>
    </datafield>
    <datafield ind1="1" ind2="0" tag="245">
      <subfield code="a">Sagen und Epen der Welt</subfield>
      <subfield code="b">neu erzählt</subfield>
      <subfield code="c">[mit e. Geleitw. von Hans-Dietrich Dahnke]</subfield>
    </datafield>
    <datafield ind1=" " ind2=" " tag="250">
      <subfield code="a">1. Aufl.</subfield>
    </datafield>
    <datafield ind1=" " ind2=" " tag="259">
      <subfield code="a">11</subfield>
    </datafield>
    <datafield ind1="3" ind2=" " tag="260">
      <subfield code="a">Berlin</subfield>
      <subfield code="b">Kinderbuchverlag</subfield>
      <subfield code="c">1977, [1977]</subfield>
    </datafield>
    <datafield ind1=" " ind2=" " tag="300">
      <subfield code="a">197 S.</subfield>
      <subfield code="b">Ill. (farb.)</subfield>
      <subfield code="c">30 cm</subfield>
    </datafield>
    <datafield ind1=" " ind2=" " tag="500">
      <subfield code="a">Enth. u.a.: Gilgamesch / Heinz Kreissig. - Die Argonauten / Stephan Hermlin. - Beowulf / Hannes Hüttner.</subfield>
    </datafield>
    <datafield ind1="1" ind2=" " tag="700">
      <subfield code="0">(DE-588)133287092</subfield>
      <subfield code="0">(DE-101)133287092</subfield>
      <subfield code="a">Dahnke, Hans-Dietrich</subfield>
      <subfield code="d">1929-</subfield>
      <subfield code="4">oth</subfield>
      <subfield code="e">Vorw.</subfield>
    </datafield>
  </record>