
  <record>
    <leader>01628pam a2200397 c 4500</leader>
    <controlfield tag="001">780482611</controlfield>
    <controlfield tag="003">DE-101</controlfield>
    <controlfield tag="005">20110616111126.0</controlfield>
    <controlfield tag="007">tu</controlfield>
    <controlfield tag="008">780919s1978    gw |||||r|||| 00||||ger  </controlfield>
    <datafield ind1=" " ind2=" " tag="015">
      <subfield code="a">78,A50,0240</subfield>
      <subfield code="z">78,N09,0051</subfield>
      <subfield code="2">dnb</subfield>
    </datafield>
    <datafield ind1="7" ind2=" " tag="016">
      <subfield code="2">DE-101</subfield>
      <subfield code="a">780482611</subfield>
    </datafield>
    <datafield ind1=" " ind2=" " tag="020">
      <subfield code="a">326103081X</subfield>
      <subfield code="c">kart. : sfr 65.00 (empfohlener Richtpr.)</subfield>
      <subfield code="9">3-261-03081-X</subfield>
    </datafield>
    <datafield ind1=" " ind2=" " tag="035">
      <subfield code="a">(DE-599)DNB780482611</subfield>
    </datafield>
    <datafield ind1=" " ind2=" " tag="035">
      <subfield code="a">(OCoLC)611337421</subfield>
    </datafield>
    <datafield ind1=" " ind2=" " tag="040">
      <subfield code="a">1200</subfield>
      <subfield code="b">ger</subfield>
      <subfield code="c">DE-101</subfield>
      <subfield code="d">1240</subfield>
    </datafield>
    <datafield ind1=" " ind2=" " tag="041">
      <subfield code="a">ger</subfield>
    </datafield>
    <datafield ind1=" " ind2=" " tag="044">
      <subfield code="c">XA-DE</subfield>
    </datafield>
    <datafield ind1="7" ind2="4" tag="082">
      <subfield code="q">DE-101</subfield>
      <subfield code="2">22sdnb</subfield>
    </datafield>
    <datafield ind1=" " ind2=" " tag="084">
      <subfield code="a">05a</subfield>
      <subfield code="a">330</subfield>
      <subfield code="a">380</subfield>
      <subfield code="a">650</subfield>
      <subfield code="a">670</subfield>
      <subfield code="q">DE-101</subfield>
      <subfield code="2">sdnb</subfield>
    </datafield>
    <datafield ind1="1" ind2=" " tag="100">
      <subfield code="0">(DE-588)109087534</subfield>
      <subfield code="0">(DE-101)109087534</subfield>
      <subfield code="a">Jenni, Manuel</subfield>
      <subfield code="4">aut</subfield>
    </datafield>
    <datafield ind1="1" ind2="0" tag="245">
      <subfield code="a">Gottlieb Duttweiler und die schweizerische Wirtschaft</subfield>
      <subfield code="b">d. Entwicklung d. Persönlichkeit u.d. Werks bis zum Eintritt in d. Nationalrat (1935)</subfield>
      <subfield code="c">Manuel Jenni</subfield>
    </datafield>
    <datafield ind1="3" ind2=" " tag="260">
      <subfield code="a">Bern, Frankfurt am Main, LasVegas</subfield>
      <subfield code="b">Lang</subfield>
      <subfield code="c">1978</subfield>
    </datafield>
    <datafield ind1=" " ind2=" " tag="300">
      <subfield code="a">XI, 560 S.</subfield>
      <subfield code="b">1 Ill.</subfield>
      <subfield code="c">21 cm</subfield>
    </datafield>
    <datafield ind1="1" ind2=" " tag="490">
      <subfield code="a">Europäische Hochschulschriften : Reihe 3, Geschichte und ihre Hilfswissenschaften</subfield>
      <subfield code="v">Bd. 101</subfield>
    </datafield>
    <datafield ind1=" " ind2=" " tag="500">
      <subfield code="a">Literaturverz. S. 537 - 551.</subfield>
    </datafield>
    <datafield ind1="1" ind2="7" tag="600">
      <subfield code="2">local</subfield>
      <subfield code="a">Duttweiler, Gottlieb</subfield>
    </datafield>
    <datafield ind1=" " ind2="7" tag="650">
      <subfield code="2">local</subfield>
      <subfield code="a">Lebensmitteleinzelhandel</subfield>
    </datafield>
    <datafield ind1=" " ind2="7" tag="650">
      <subfield code="2">local</subfield>
      <subfield code="a">Unternehmer</subfield>
    </datafield>
    <datafield ind1=" " ind2="7" tag="650">
      <subfield code="2">local</subfield>
      <subfield code="a">Schweiz</subfield>
    </datafield>
    <datafield ind1=" " ind2="7" tag="650">
      <subfield code="2">local</subfield>
      <subfield code="a">Schweiz</subfield>
    </datafield>
    <datafield ind1=" " ind2="7" tag="650">
      <subfield code="2">local</subfield>
      <subfield code="a">Wirtschaftsförderung</subfield>
    </datafield>
    <datafield ind1=" " ind2="7" tag="650">
      <subfield code="2">local</subfield>
      <subfield code="a">Duttweiler, Gottlieb</subfield>
    </datafield>
    <datafield ind1=" " ind2="7" tag="650">
      <subfield code="2">local</subfield>
      <subfield code="a">Lebensmitteleinzelhandel</subfield>
    </datafield>
    <datafield ind1=" " ind2="7" tag="650">
      <subfield code="2">local</subfield>
      <subfield code="a">Schweiz</subfield>
      <subfield code="x">Wirtschaft</subfield>
    </datafield>
    <datafield ind1=" " ind2="0" tag="830">
      <subfield code="a">Europäische Hochschulschriften / 3</subfield>
      <subfield code="n">Reihe 3</subfield>
      <subfield code="p">Geschichte und ihre Hilfswissenschaften</subfield>
      <subfield code="t">Europäische Hochschulschriften</subfield>
      <subfield code="v">Bd. 101</subfield>
      <subfield code="w">(DE-101)012681385</subfield>
      <subfield code="w">(DE-600)510545-6</subfield>
      <subfield code="9">3101</subfield>
    </datafield>
  </record>