
  <record>
    <leader>01290nam a2200313 c 4500</leader>
    <controlfield tag="001">780616936</controlfield>
    <controlfield tag="003">DE-101</controlfield>
    <controlfield tag="005">20071224191827.0</controlfield>
    <controlfield tag="007">tu</controlfield>
    <controlfield tag="008">780720s1977    gw |||||r|||| 00||||ger  </controlfield>
    <datafield ind1=" " ind2=" " tag="015">
      <subfield code="a">78,B18,0106</subfield>
      <subfield code="2">dnb</subfield>
    </datafield>
    <datafield ind1="7" ind2=" " tag="016">
      <subfield code="2">DE-101</subfield>
      <subfield code="a">780616936</subfield>
    </datafield>
    <datafield ind1=" " ind2=" " tag="020">
      <subfield code="a">3882320230</subfield>
      <subfield code="c">kart. : DM 21.00</subfield>
      <subfield code="9">3-88232-023-0</subfield>
    </datafield>
    <datafield ind1=" " ind2=" " tag="035">
      <subfield code="a">(DE-599)DNB780616936</subfield>
    </datafield>
    <datafield ind1=" " ind2=" " tag="035">
      <subfield code="a">(OCoLC)74432100</subfield>
    </datafield>
    <datafield ind1=" " ind2=" " tag="040">
      <subfield code="a">1200</subfield>
      <subfield code="b">ger</subfield>
      <subfield code="c">DE-101</subfield>
      <subfield code="d">9999</subfield>
    </datafield>
    <datafield ind1=" " ind2=" " tag="041">
      <subfield code="a">ger</subfield>
    </datafield>
    <datafield ind1=" " ind2=" " tag="044">
      <subfield code="c">XA-DE</subfield>
    </datafield>
    <datafield ind1="7" ind2="4" tag="082">
      <subfield code="q">DE-101</subfield>
      <subfield code="2">22sdnb</subfield>
    </datafield>
    <datafield ind1=" " ind2=" " tag="084">
      <subfield code="a">05a</subfield>
      <subfield code="a">330</subfield>
      <subfield code="a">380</subfield>
      <subfield code="a">650</subfield>
      <subfield code="a">670</subfield>
      <subfield code="q">DE-101</subfield>
      <subfield code="2">sdnb</subfield>
    </datafield>
    <datafield ind1="1" ind2=" " tag="100">
      <subfield code="0">(DE-588)119193353</subfield>
      <subfield code="0">(DE-101)119193353</subfield>
      <subfield code="a">Gabele, Eduard</subfield>
      <subfield code="d">1941-1992</subfield>
      <subfield code="4">aut</subfield>
    </datafield>
    <datafield ind1="1" ind2="0" tag="245">
      <subfield code="a">Werte von Führungskräften der deutschen Wirtschaft</subfield>
      <subfield code="b">e. empir. Analyse</subfield>
      <subfield code="c">Eduard Gabele ; Werner Kirsch ; Jürgen Treffert</subfield>
    </datafield>
    <datafield ind1="3" ind2=" " tag="260">
      <subfield code="a">München, Waldfriedhofstr. 58</subfield>
      <subfield code="b">W. Kirsch [Selbstverl.]</subfield>
      <subfield code="c">1977</subfield>
    </datafield>
    <datafield ind1=" " ind2=" " tag="300">
      <subfield code="a">IX, 228 S.</subfield>
      <subfield code="b">graph. Darst.</subfield>
      <subfield code="c">21 cm</subfield>
    </datafield>
    <datafield ind1="1" ind2=" " tag="490">
      <subfield code="a">Planungs- und organisationswissenschaftliche Schriften</subfield>
      <subfield code="v">23</subfield>
    </datafield>
    <datafield ind1=" " ind2=" " tag="500">
      <subfield code="a">Auf d. Rücken: Gabele-Kirsch-Treffert. - Literaturverz. S. 195 - 228.</subfield>
    </datafield>
    <datafield ind1="1" ind2=" " tag="700">
      <subfield code="0">(DE-588)12391390X</subfield>
      <subfield code="0">(DE-101)12391390X</subfield>
      <subfield code="a">Kirsch, Werner</subfield>
      <subfield code="d">1937-</subfield>
      <subfield code="4">aut</subfield>
    </datafield>
    <datafield ind1="1" ind2=" " tag="700">
      <subfield code="0">(DE-588)109127390</subfield>
      <subfield code="0">(DE-101)109127390</subfield>
      <subfield code="a">Treffert, Jürgen</subfield>
      <subfield code="4">aut</subfield>
    </datafield>
    <datafield ind1=" " ind2="0" tag="830">
      <subfield code="a">Planungs- und organisationswissenschaftliche Schriften</subfield>
      <subfield code="v">23</subfield>
      <subfield code="9">223</subfield>
    </datafield>
  </record>