
  <record>
    <leader>01015pam a2200313 c 4500</leader>
    <controlfield tag="001">790175657</controlfield>
    <controlfield tag="003">DE-101</controlfield>
    <controlfield tag="005">20071224202659.0</controlfield>
    <controlfield tag="007">tu</controlfield>
    <controlfield tag="008">790222s1979    gw |||||r|||| 00||||ger  </controlfield>
    <datafield ind1=" " ind2=" " tag="015">
      <subfield code="a">79,A16,0448</subfield>
      <subfield code="z">78,N49,0082</subfield>
      <subfield code="2">dnb</subfield>
    </datafield>
    <datafield ind1="7" ind2=" " tag="016">
      <subfield code="2">DE-101</subfield>
      <subfield code="a">790175657</subfield>
    </datafield>
    <datafield ind1=" " ind2=" " tag="020">
      <subfield code="a">353601478X</subfield>
      <subfield code="c">Pp. : DM 9.80</subfield>
      <subfield code="9">3-536-01478-X</subfield>
    </datafield>
    <datafield ind1=" " ind2=" " tag="035">
      <subfield code="a">(DE-599)DNB790175657</subfield>
    </datafield>
    <datafield ind1=" " ind2=" " tag="035">
      <subfield code="a">(OCoLC)721879347</subfield>
    </datafield>
    <datafield ind1=" " ind2=" " tag="040">
      <subfield code="a">1200</subfield>
      <subfield code="b">ger</subfield>
      <subfield code="c">DE-101</subfield>
      <subfield code="d">9999</subfield>
    </datafield>
    <datafield ind1=" " ind2=" " tag="041">
      <subfield code="a">ger</subfield>
    </datafield>
    <datafield ind1=" " ind2=" " tag="044">
      <subfield code="c">XA-DE</subfield>
    </datafield>
    <datafield ind1="7" ind2="4" tag="082">
      <subfield code="q">DE-101</subfield>
      <subfield code="2">22sdnb</subfield>
    </datafield>
    <datafield ind1=" " ind2=" " tag="084">
      <subfield code="a">07</subfield>
      <subfield code="a">K</subfield>
      <subfield code="q">DE-101</subfield>
      <subfield code="2">sdnb</subfield>
    </datafield>
    <datafield ind1="1" ind2=" " tag="100">
      <subfield code="0">(DE-588)118528068</subfield>
      <subfield code="0">(DE-101)118528068</subfield>
      <subfield code="a">Dumas, Alexandre</subfield>
      <subfield code="d">1802-1870</subfield>
      <subfield code="4">aut</subfield>
    </datafield>
    <datafield ind1="1" ind2="0" tag="245">
      <subfield code="a">Die 3 [drei] Musketiere</subfield>
      <subfield code="c">Alexandre Dumas. [Für d. Jugend neu bearb. von Brigitte Helmstaedt]</subfield>
    </datafield>
    <datafield ind1=" " ind2=" " tag="250">
      <subfield code="a">1. Aufl.</subfield>
    </datafield>
    <datafield ind1=" " ind2=" " tag="259">
      <subfield code="a">11</subfield>
    </datafield>
    <datafield ind1="3" ind2=" " tag="260">
      <subfield code="a">Balve/Sauerland</subfield>
      <subfield code="b">Engelbert</subfield>
      <subfield code="c">1979</subfield>
    </datafield>
    <datafield ind1=" " ind2=" " tag="300">
      <subfield code="a">366 S.</subfield>
      <subfield code="c">19 cm</subfield>
    </datafield>
    <datafield ind1="0" ind2=" " tag="490">
      <subfield code="a">pEb[-Bücherei]</subfield>
    </datafield>
    <datafield ind1="1" ind2=" " tag="700">
      <subfield code="0">(DE-588)105269646</subfield>
      <subfield code="0">(DE-101)105269646</subfield>
      <subfield code="a">Helmstaedt, Brigitte</subfield>
      <subfield code="4">edt</subfield>
      <subfield code="e">Bearb.</subfield>
    </datafield>
    <datafield ind1="0" ind2=" " tag="730">
      <subfield code="a">Les trois mousquetaires</subfield>
      <subfield code="g">dt.</subfield>
    </datafield>
  </record>