
  <record>
    <leader>01078nam a2200301 c 4500</leader>
    <controlfield tag="001">790304902</controlfield>
    <controlfield tag="003">DE-101</controlfield>
    <controlfield tag="005">20071224205009.0</controlfield>
    <controlfield tag="007">tu</controlfield>
    <controlfield tag="008">790608s1979    gw |||||r|||| 00||||ger  </controlfield>
    <datafield ind1=" " ind2=" " tag="015">
      <subfield code="a">79,A31,0064</subfield>
      <subfield code="2">dnb</subfield>
    </datafield>
    <datafield ind1="7" ind2=" " tag="016">
      <subfield code="2">DE-101</subfield>
      <subfield code="a">790304902</subfield>
    </datafield>
    <datafield ind1=" " ind2=" " tag="020">
      <subfield code="a">0080195857</subfield>
      <subfield code="c">Pp. : DM 39.88</subfield>
      <subfield code="9">0-08-019585-7</subfield>
    </datafield>
    <datafield ind1=" " ind2=" " tag="035">
      <subfield code="a">(DE-599)DNB790304902</subfield>
    </datafield>
    <datafield ind1=" " ind2=" " tag="035">
      <subfield code="a">(OCoLC)721981976</subfield>
    </datafield>
    <datafield ind1=" " ind2=" " tag="040">
      <subfield code="a">1200</subfield>
      <subfield code="b">ger</subfield>
      <subfield code="c">DE-101</subfield>
      <subfield code="d">9999</subfield>
    </datafield>
    <datafield ind1=" " ind2=" " tag="041">
      <subfield code="a">ger</subfield>
    </datafield>
    <datafield ind1=" " ind2=" " tag="044">
      <subfield code="c">XA-DE</subfield>
    </datafield>
    <datafield ind1="7" ind2="4" tag="082">
      <subfield code="q">DE-101</subfield>
      <subfield code="2">22sdnb</subfield>
    </datafield>
    <datafield ind1=" " ind2=" " tag="084">
      <subfield code="a">03b</subfield>
      <subfield code="a">130</subfield>
      <subfield code="a">150</subfield>
      <subfield code="q">DE-101</subfield>
      <subfield code="2">sdnb</subfield>
    </datafield>
    <datafield ind1="1" ind2=" " tag="100">
      <subfield code="0">(DE-588)10943658X</subfield>
      <subfield code="0">(DE-101)10943658X</subfield>
      <subfield code="a">Sherman, Mark</subfield>
      <subfield code="4">aut</subfield>
    </datafield>
    <datafield ind1="1" ind2="0" tag="245">
      <subfield code="a">Personality</subfield>
      <subfield code="b">inquiry and application</subfield>
      <subfield code="c">Mark Sherman</subfield>
    </datafield>
    <datafield ind1="3" ind2=" " tag="260">
      <subfield code="a">New York, Oxford, Toronto, Sydney, Kronberg/Taunus, Paris</subfield>
      <subfield code="b">Pergamon Press</subfield>
      <subfield code="c">1979</subfield>
    </datafield>
    <datafield ind1=" " ind2=" " tag="300">
      <subfield code="a">IX, 546 S.</subfield>
      <subfield code="b">32 graph. Darst.</subfield>
      <subfield code="c">24 cm</subfield>
    </datafield>
    <datafield ind1="1" ind2=" " tag="490">
      <subfield code="a">Pergamon general psychology series</subfield>
      <subfield code="v">Vol. 74</subfield>
    </datafield>
    <datafield ind1=" " ind2=" " tag="500">
      <subfield code="a">Literaturverz. S. 503 - 527. - Auf d. Haupttitels. als Erscheinungsort ausserdem: Frankfurt.</subfield>
    </datafield>
    <datafield ind1=" " ind2="7" tag="650">
      <subfield code="2">local</subfield>
      <subfield code="a">Persönlichkeit</subfield>
    </datafield>
    <datafield ind1=" " ind2="0" tag="830">
      <subfield code="a">Pergamon general psychology series</subfield>
      <subfield code="v">Vol. 74</subfield>
      <subfield code="9">274</subfield>
    </datafield>
  </record>