
  <record>
    <leader>01307pam a2200313 c 4500</leader>
    <controlfield tag="001">790809699</controlfield>
    <controlfield tag="003">DE-101</controlfield>
    <controlfield tag="005">20110518144333.0</controlfield>
    <controlfield tag="007">tu</controlfield>
    <controlfield tag="008">790309s1979    gw |||||rm||| 00||||ger  </controlfield>
    <datafield ind1=" " ind2=" " tag="015">
      <subfield code="a">79,A49,0167</subfield>
      <subfield code="z">79,N19,0061</subfield>
      <subfield code="2">dnb</subfield>
    </datafield>
    <datafield ind1="7" ind2=" " tag="016">
      <subfield code="2">DE-101</subfield>
      <subfield code="a">790809699</subfield>
    </datafield>
    <datafield ind1=" " ind2=" " tag="020">
      <subfield code="a">3760950221</subfield>
      <subfield code="c">kart. : DM 45.00</subfield>
      <subfield code="9">3-7609-5022-1</subfield>
    </datafield>
    <datafield ind1=" " ind2=" " tag="035">
      <subfield code="a">(DE-599)DNB790809699</subfield>
    </datafield>
    <datafield ind1=" " ind2=" " tag="035">
      <subfield code="a">(OCoLC)251869902</subfield>
    </datafield>
    <datafield ind1=" " ind2=" " tag="040">
      <subfield code="a">1200</subfield>
      <subfield code="b">ger</subfield>
      <subfield code="c">DE-101</subfield>
      <subfield code="d">9999</subfield>
    </datafield>
    <datafield ind1=" " ind2=" " tag="041">
      <subfield code="a">ger</subfield>
    </datafield>
    <datafield ind1=" " ind2=" " tag="044">
      <subfield code="c">XA-DE</subfield>
    </datafield>
    <datafield ind1="7" ind2="4" tag="082">
      <subfield code="q">DE-101</subfield>
      <subfield code="2">22sdnb</subfield>
    </datafield>
    <datafield ind1=" " ind2=" " tag="084">
      <subfield code="a">05b</subfield>
      <subfield code="a">03b</subfield>
      <subfield code="a">03a</subfield>
      <subfield code="a">300</subfield>
      <subfield code="a">360</subfield>
      <subfield code="a">710</subfield>
      <subfield code="a">900</subfield>
      <subfield code="a">940</subfield>
      <subfield code="a">943</subfield>
      <subfield code="a">950</subfield>
      <subfield code="a">960</subfield>
      <subfield code="a">970</subfield>
      <subfield code="a">980</subfield>
      <subfield code="a">990</subfield>
      <subfield code="q">DE-101</subfield>
      <subfield code="2">sdnb</subfield>
    </datafield>
    <datafield ind1="1" ind2=" " tag="100">
      <subfield code="0">(DE-588)109535626</subfield>
      <subfield code="0">(DE-101)109535626</subfield>
      <subfield code="a">Dormagen-Kreutzenbeck, Inge</subfield>
      <subfield code="4">aut</subfield>
    </datafield>
    <datafield ind1="1" ind2="0" tag="245">
      <subfield code="a">Soziologie der Persönlichkeit</subfield>
      <subfield code="b">Probleme u. Perspektiven d. Soziologie d. Persönlichkeit u. ihrer Integration in e. synthet. Humanwiss.</subfield>
      <subfield code="c">Inge Dormagen-Kreutzenbeck</subfield>
    </datafield>
    <datafield ind1="3" ind2=" " tag="260">
      <subfield code="a">Köln</subfield>
      <subfield code="b">Pahl-Rugenstein</subfield>
      <subfield code="c">1979</subfield>
    </datafield>
    <datafield ind1=" " ind2=" " tag="300">
      <subfield code="a">393 S.</subfield>
      <subfield code="c">21 cm</subfield>
    </datafield>
    <datafield ind1="1" ind2=" " tag="490">
      <subfield code="a">Pahl-Rugenstein-Hochschulschriften Gesellschafts- und Naturwissenschaften</subfield>
      <subfield code="v">23</subfield>
    </datafield>
    <datafield ind1=" " ind2=" " tag="502">
      <subfield code="a">Zugl.: Berlin, Freie Univ., Fachbereich 11 - Philosophie u. Sozialwiss., Diss., 1979.</subfield>
    </datafield>
    <datafield ind1=" " ind2="7" tag="650">
      <subfield code="2">local</subfield>
      <subfield code="a">Persönlichkeit</subfield>
    </datafield>
    <datafield ind1=" " ind2="7" tag="650">
      <subfield code="2">local</subfield>
      <subfield code="a">Persönlichkeit</subfield>
    </datafield>
    <datafield ind1=" " ind2="0" tag="830">
      <subfield code="a">Pahl-Rugenstein-Hochschulschriften Gesellschafts- und Naturwissenschaften</subfield>
      <subfield code="v">23</subfield>
      <subfield code="9">223</subfield>
    </datafield>
  </record>