
  <record>
    <leader>01485pam a2200361 c 4500</leader>
    <controlfield tag="001">790810727</controlfield>
    <controlfield tag="003">DE-101</controlfield>
    <controlfield tag="005">20120516012610.0</controlfield>
    <controlfield tag="007">tu</controlfield>
    <controlfield tag="008">790522s1979    gw |||||r|||| 00||||ger  </controlfield>
    <datafield ind1=" " ind2=" " tag="015">
      <subfield code="a">79,A49,0080</subfield>
      <subfield code="z">79,N32,0049</subfield>
      <subfield code="2">dnb</subfield>
    </datafield>
    <datafield ind1="7" ind2=" " tag="016">
      <subfield code="2">DE-101</subfield>
      <subfield code="a">790810727</subfield>
    </datafield>
    <datafield ind1=" " ind2=" " tag="020">
      <subfield code="a">3540094695 (Berlin, Heidelberg, New York)</subfield>
      <subfield code="c"> kart. : DM 26.00</subfield>
      <subfield code="9">3-540-09469-5</subfield>
    </datafield>
    <datafield ind1=" " ind2=" " tag="020">
      <subfield code="a">0387094695 (New York, Heidelberg, Berlin)</subfield>
      <subfield code="c"> kart.</subfield>
      <subfield code="9">0-387-09469-5</subfield>
    </datafield>
    <datafield ind1=" " ind2=" " tag="035">
      <subfield code="a">(DE-599)DNB790810727</subfield>
    </datafield>
    <datafield ind1=" " ind2=" " tag="035">
      <subfield code="a">(OCoLC)613264790</subfield>
    </datafield>
    <datafield ind1=" " ind2=" " tag="040">
      <subfield code="a">1200</subfield>
      <subfield code="b">ger</subfield>
      <subfield code="c">DE-101</subfield>
      <subfield code="d">9999</subfield>
    </datafield>
    <datafield ind1=" " ind2=" " tag="041">
      <subfield code="a">ger</subfield>
    </datafield>
    <datafield ind1=" " ind2=" " tag="044">
      <subfield code="c">XA-DE</subfield>
    </datafield>
    <datafield ind1="7" ind2="4" tag="082">
      <subfield code="q">DE-101</subfield>
      <subfield code="2">22sdnb</subfield>
    </datafield>
    <datafield ind1=" " ind2=" " tag="084">
      <subfield code="a">03b</subfield>
      <subfield code="a">130</subfield>
      <subfield code="a">150</subfield>
      <subfield code="q">DE-101</subfield>
      <subfield code="2">sdnb</subfield>
    </datafield>
    <datafield ind1="1" ind2=" " tag="100">
      <subfield code="0">(DE-588)131582518</subfield>
      <subfield code="0">(DE-101)131582518</subfield>
      <subfield code="a">Rotter, Julian B.</subfield>
      <subfield code="d">1916-</subfield>
      <subfield code="4">aut</subfield>
    </datafield>
    <datafield ind1="1" ind2="0" tag="245">
      <subfield code="a">Persönlichkeit</subfield>
      <subfield code="b">Theorien, Messung, Forschung</subfield>
      <subfield code="c">J. B. Rotter ; D. J. Hochreich. Übers. von Petra Baumann-Frankenberger</subfield>
    </datafield>
    <datafield ind1="3" ind2=" " tag="260">
      <subfield code="a">Berlin, Heidelberg, New York</subfield>
      <subfield code="b">Springer</subfield>
      <subfield code="c">1979</subfield>
    </datafield>
    <datafield ind1=" " ind2=" " tag="300">
      <subfield code="a">X, 206 S.</subfield>
      <subfield code="b">Ill., graph. Darst.</subfield>
      <subfield code="c">21 cm</subfield>
    </datafield>
    <datafield ind1="1" ind2=" " tag="490">
      <subfield code="a">Heidelberger Taschenbücher</subfield>
      <subfield code="v">Bd. 202 : Basistext Psychologie</subfield>
    </datafield>
    <datafield ind1=" " ind2=" " tag="500">
      <subfield code="a">Auf d. Rücken: Rotter-Hochreich. - Literaturverz. S. 197 - 199.</subfield>
    </datafield>
    <datafield ind1=" " ind2="7" tag="650">
      <subfield code="2">local</subfield>
      <subfield code="a">Persönlichkeit</subfield>
    </datafield>
    <datafield ind1=" " ind2="7" tag="650">
      <subfield code="2">local</subfield>
      <subfield code="a">Persönlichkeit</subfield>
    </datafield>
    <datafield ind1="1" ind2=" " tag="700">
      <subfield code="0">(DE-588)109535855</subfield>
      <subfield code="0">(DE-101)109535855</subfield>
      <subfield code="a">Hochreich, Dorothy J.</subfield>
      <subfield code="4">aut</subfield>
    </datafield>
    <datafield ind1="0" ind2=" " tag="730">
      <subfield code="a">Personality</subfield>
      <subfield code="g">dt.</subfield>
    </datafield>
    <datafield ind1="0" ind2="8" tag="775">
      <subfield code="i">Online-Ausg.</subfield>
      <subfield code="t">Persönlichkeit</subfield>
      <subfield code="w">(DE-101)1022374591</subfield>
    </datafield>
    <datafield ind1=" " ind2="0" tag="830">
      <subfield code="a">Heidelberger Taschenbücher</subfield>
      <subfield code="v">Bd. 202 : Basistext Psychologie</subfield>
      <subfield code="9">3202</subfield>
    </datafield>
  </record>