
  <record>
    <leader>00860nam a2200265 c 4500</leader>
    <controlfield tag="001">790855003</controlfield>
    <controlfield tag="003">DE-101</controlfield>
    <controlfield tag="005">20110518144928.0</controlfield>
    <controlfield tag="007">tu</controlfield>
    <controlfield tag="008">941111s1978    gw |||||rm||| 00||||ger  </controlfield>
    <datafield ind1=" " ind2=" " tag="015">
      <subfield code="a">79,H02,0160</subfield>
      <subfield code="2">dnb</subfield>
    </datafield>
    <datafield ind1="7" ind2=" " tag="016">
      <subfield code="2">DE-101</subfield>
      <subfield code="a">790855003</subfield>
    </datafield>
    <datafield ind1=" " ind2=" " tag="035">
      <subfield code="a">(DE-599)DNB790855003</subfield>
    </datafield>
    <datafield ind1=" " ind2=" " tag="035">
      <subfield code="a">(OCoLC)256341843</subfield>
    </datafield>
    <datafield ind1=" " ind2=" " tag="040">
      <subfield code="a">1200</subfield>
      <subfield code="b">ger</subfield>
      <subfield code="c">DE-101</subfield>
      <subfield code="d">9999</subfield>
    </datafield>
    <datafield ind1=" " ind2=" " tag="041">
      <subfield code="a">ger</subfield>
    </datafield>
    <datafield ind1=" " ind2=" " tag="044">
      <subfield code="c">XA-DE</subfield>
    </datafield>
    <datafield ind1="7" ind2="4" tag="082">
      <subfield code="q">DE-101</subfield>
      <subfield code="2">22sdnb</subfield>
    </datafield>
    <datafield ind1=" " ind2=" " tag="084">
      <subfield code="a">05b</subfield>
      <subfield code="a">03a</subfield>
      <subfield code="a">300</subfield>
      <subfield code="a">360</subfield>
      <subfield code="a">710</subfield>
      <subfield code="a">900</subfield>
      <subfield code="a">940</subfield>
      <subfield code="a">943</subfield>
      <subfield code="a">950</subfield>
      <subfield code="a">960</subfield>
      <subfield code="a">970</subfield>
      <subfield code="a">980</subfield>
      <subfield code="a">990</subfield>
      <subfield code="q">DE-101</subfield>
      <subfield code="2">sdnb</subfield>
    </datafield>
    <datafield ind1="1" ind2=" " tag="100">
      <subfield code="0">(DE-588)109548795</subfield>
      <subfield code="0">(DE-101)109548795</subfield>
      <subfield code="a">Prösel, Susan</subfield>
      <subfield code="4">aut</subfield>
    </datafield>
    <datafield ind1="1" ind2="0" tag="245">
      <subfield code="a">Über Werte und Normen</subfield>
      <subfield code="b">Grundlegungen für e. Theorie des Handelns und der Gesellschaft ; Kritik d. Soziologie als Metaphysik</subfield>
    </datafield>
    <datafield ind1="3" ind2=" " tag="260">
      <subfield code="c">1978</subfield>
    </datafield>
    <datafield ind1=" " ind2=" " tag="300">
      <subfield code="a">260 S.</subfield>
      <subfield code="c">21 cm</subfield>
    </datafield>
    <datafield ind1=" " ind2=" " tag="502">
      <subfield code="a">Dortmund, Pädag. Hochsch. Ruhr, Diss., 1977.</subfield>
    </datafield>
    <datafield ind1="r" ind2=" " tag="925">
      <subfield code="a">rh</subfield>
    </datafield>
  </record>