
  <record>
    <leader>01043nam a2200289 c 4500</leader>
    <controlfield tag="001">800150384</controlfield>
    <controlfield tag="003">DE-101</controlfield>
    <controlfield tag="005">20071224232143.0</controlfield>
    <controlfield tag="007">tu</controlfield>
    <controlfield tag="008">791206s1979    gw |||||r|||| 00||||ger  </controlfield>
    <datafield ind1=" " ind2=" " tag="015">
      <subfield code="a">80,A06,0345</subfield>
      <subfield code="2">dnb</subfield>
    </datafield>
    <datafield ind1="7" ind2=" " tag="016">
      <subfield code="2">DE-101</subfield>
      <subfield code="a">800150384</subfield>
    </datafield>
    <datafield ind1=" " ind2=" " tag="020">
      <subfield code="a">3404014146</subfield>
      <subfield code="c">kart. : DM 5.80</subfield>
      <subfield code="9">3-404-01414-6</subfield>
    </datafield>
    <datafield ind1=" " ind2=" " tag="035">
      <subfield code="a">(DE-599)DNB800150384</subfield>
    </datafield>
    <datafield ind1=" " ind2=" " tag="035">
      <subfield code="a">(OCoLC)720397327</subfield>
    </datafield>
    <datafield ind1=" " ind2=" " tag="040">
      <subfield code="a">1200</subfield>
      <subfield code="b">ger</subfield>
      <subfield code="c">DE-101</subfield>
      <subfield code="d">9999</subfield>
    </datafield>
    <datafield ind1=" " ind2=" " tag="041">
      <subfield code="a">ger</subfield>
    </datafield>
    <datafield ind1=" " ind2=" " tag="044">
      <subfield code="c">XA-DE</subfield>
    </datafield>
    <datafield ind1="7" ind2="4" tag="082">
      <subfield code="q">DE-101</subfield>
      <subfield code="2">22sdnb</subfield>
    </datafield>
    <datafield ind1=" " ind2=" " tag="084">
      <subfield code="a">59</subfield>
      <subfield code="a">810</subfield>
      <subfield code="a">820</subfield>
      <subfield code="a">830</subfield>
      <subfield code="a">839</subfield>
      <subfield code="a">840</subfield>
      <subfield code="a">850</subfield>
      <subfield code="a">860</subfield>
      <subfield code="a">870</subfield>
      <subfield code="a">880</subfield>
      <subfield code="a">890</subfield>
      <subfield code="a">B</subfield>
      <subfield code="q">DE-101</subfield>
      <subfield code="2">sdnb</subfield>
    </datafield>
    <datafield ind1="1" ind2="0" tag="245">
      <subfield code="a">Der Herr der Ringe</subfield>
      <subfield code="b">[Filmroman nach d. Romanen Die Gefährten u. Die zwei Türme]</subfield>
      <subfield code="c">J. R. R. Tolkien</subfield>
    </datafield>
    <datafield ind1="3" ind2=" " tag="260">
      <subfield code="a">[Bergisch Gladbach]</subfield>
      <subfield code="b">Bastei-Verlag Lübbe</subfield>
      <subfield code="c">1979</subfield>
    </datafield>
    <datafield ind1=" " ind2=" " tag="300">
      <subfield code="a">[187] S.</subfield>
      <subfield code="b">überwiegend Ill.</subfield>
      <subfield code="c">18 cm</subfield>
    </datafield>
    <datafield ind1="1" ind2=" " tag="490">
      <subfield code="a">Bastei Lübbe</subfield>
      <subfield code="v">71004 : Filmbuch</subfield>
    </datafield>
    <datafield ind1="1" ind2=" " tag="700">
      <subfield code="0">(DE-588)118623222</subfield>
      <subfield code="0">(DE-101)118623222</subfield>
      <subfield code="a">Tolkien, J. R. R.</subfield>
      <subfield code="d">1892-1973</subfield>
      <subfield code="4">ctb</subfield>
      <subfield code="e">Mitarb.</subfield>
    </datafield>
    <datafield ind1="0" ind2=" " tag="730">
      <subfield code="a">The lord of the rings</subfield>
    </datafield>
    <datafield ind1=" " ind2="0" tag="830">
      <subfield code="a">Bastei Lübbe</subfield>
      <subfield code="v">71004 : Filmbuch</subfield>
      <subfield code="9">571004</subfield>
    </datafield>
  </record>