
  <record>
    <leader>00959nam a2200301 c 4500</leader>
    <controlfield tag="001">800309146</controlfield>
    <controlfield tag="003">DE-101</controlfield>
    <controlfield tag="005">20071224235337.0</controlfield>
    <controlfield tag="007">tu</controlfield>
    <controlfield tag="008">800314s1979    gw |||||r|||| 00||||ger  </controlfield>
    <datafield ind1=" " ind2=" " tag="015">
      <subfield code="a">80,A21,0520</subfield>
      <subfield code="2">dnb</subfield>
    </datafield>
    <datafield ind1="7" ind2=" " tag="016">
      <subfield code="2">DE-101</subfield>
      <subfield code="a">800309146</subfield>
    </datafield>
    <datafield ind1=" " ind2=" " tag="020">
      <subfield code="a">3714121064</subfield>
      <subfield code="c">geh. (Pr. nicht mitget.)</subfield>
      <subfield code="9">3-7141-2106-4</subfield>
    </datafield>
    <datafield ind1=" " ind2=" " tag="035">
      <subfield code="a">(DE-599)DNB800309146</subfield>
    </datafield>
    <datafield ind1=" " ind2=" " tag="035">
      <subfield code="a">(OCoLC)720487190</subfield>
    </datafield>
    <datafield ind1=" " ind2=" " tag="040">
      <subfield code="a">1200</subfield>
      <subfield code="b">ger</subfield>
      <subfield code="c">DE-101</subfield>
      <subfield code="d">9999</subfield>
    </datafield>
    <datafield ind1=" " ind2=" " tag="041">
      <subfield code="a">ger</subfield>
    </datafield>
    <datafield ind1=" " ind2=" " tag="044">
      <subfield code="c">XA-DE</subfield>
    </datafield>
    <datafield ind1="7" ind2="4" tag="082">
      <subfield code="q">DE-101</subfield>
      <subfield code="2">22sdnb</subfield>
    </datafield>
    <datafield ind1=" " ind2=" " tag="084">
      <subfield code="a">09a</subfield>
      <subfield code="a">K</subfield>
      <subfield code="q">DE-101</subfield>
      <subfield code="2">sdnb</subfield>
    </datafield>
    <datafield ind1="1" ind2=" " tag="100">
      <subfield code="0">(DE-588)118546864</subfield>
      <subfield code="0">(DE-101)118546864</subfield>
      <subfield code="a">Hauff, Wilhelm</subfield>
      <subfield code="d">1802-1827</subfield>
      <subfield code="4">aut</subfield>
    </datafield>
    <datafield ind1="1" ind2="0" tag="245">
      <subfield code="a">Zwerg Nase</subfield>
      <subfield code="c">von Wilhelm Hauff</subfield>
    </datafield>
    <datafield ind1=" " ind2=" " tag="250">
      <subfield code="a">2. Aufl.</subfield>
    </datafield>
    <datafield ind1=" " ind2=" " tag="259">
      <subfield code="a">12</subfield>
    </datafield>
    <datafield ind1="3" ind2=" " tag="260">
      <subfield code="a">Wien, München</subfield>
      <subfield code="b">Jugend und Volk</subfield>
      <subfield code="a">Wien</subfield>
      <subfield code="b">Österreichischer Bundesverlag</subfield>
      <subfield code="c">1979</subfield>
    </datafield>
    <datafield ind1=" " ind2=" " tag="300">
      <subfield code="a">32 S.</subfield>
      <subfield code="b">Ill.</subfield>
      <subfield code="c">21 cm</subfield>
    </datafield>
    <datafield ind1="1" ind2=" " tag="490">
      <subfield code="a">Die goldene Leiter</subfield>
      <subfield code="v">Nr. 106</subfield>
    </datafield>
    <datafield ind1=" " ind2="0" tag="830">
      <subfield code="a">Die goldene Leiter</subfield>
      <subfield code="v">Nr. 106</subfield>
      <subfield code="w">(DE-101)550023550</subfield>
      <subfield code="w">(DE-600)2295677-3</subfield>
      <subfield code="9">3106</subfield>
    </datafield>
  </record>