
  <record>
    <leader>01655nam a2200337 c 4500</leader>
    <controlfield tag="001">800346505</controlfield>
    <controlfield tag="003">DE-101</controlfield>
    <controlfield tag="005">20071225000148.0</controlfield>
    <controlfield tag="007">tu</controlfield>
    <controlfield tag="008">800425s1980    gw |||||r|||| 00||||ger  </controlfield>
    <datafield ind1=" " ind2=" " tag="015">
      <subfield code="a">80,A25,0594</subfield>
      <subfield code="2">dnb</subfield>
    </datafield>
    <datafield ind1="7" ind2=" " tag="016">
      <subfield code="2">DE-101</subfield>
      <subfield code="a">800346505</subfield>
    </datafield>
    <datafield ind1=" " ind2=" " tag="020">
      <subfield code="a">380440233X</subfield>
      <subfield code="c">kart. (Pr. nicht mitget.)</subfield>
      <subfield code="9">3-8044-0233-X</subfield>
    </datafield>
    <datafield ind1=" " ind2=" " tag="035">
      <subfield code="a">(DE-599)DNB800346505</subfield>
    </datafield>
    <datafield ind1=" " ind2=" " tag="035">
      <subfield code="a">(OCoLC)720515442</subfield>
    </datafield>
    <datafield ind1=" " ind2=" " tag="040">
      <subfield code="a">1200</subfield>
      <subfield code="b">ger</subfield>
      <subfield code="c">DE-101</subfield>
      <subfield code="d">9999</subfield>
    </datafield>
    <datafield ind1=" " ind2=" " tag="041">
      <subfield code="a">ger</subfield>
    </datafield>
    <datafield ind1=" " ind2=" " tag="044">
      <subfield code="c">XA-DE</subfield>
    </datafield>
    <datafield ind1="7" ind2="4" tag="082">
      <subfield code="q">DE-101</subfield>
      <subfield code="2">22sdnb</subfield>
    </datafield>
    <datafield ind1=" " ind2=" " tag="084">
      <subfield code="a">23</subfield>
      <subfield code="a">S</subfield>
      <subfield code="q">DE-101</subfield>
      <subfield code="2">sdnb</subfield>
    </datafield>
    <datafield ind1="1" ind2=" " tag="100">
      <subfield code="0">(DE-588)131780999</subfield>
      <subfield code="0">(DE-101)131780999</subfield>
      <subfield code="a">Brinkmann, Karl</subfield>
      <subfield code="d">1907-</subfield>
      <subfield code="4">aut</subfield>
    </datafield>
    <datafield ind1="1" ind2="0" tag="245">
      <subfield code="a">Erläuterungen zu Wolfgang Borcherts Draussen vor der Tür und Die Hundeblume, Die drei dunklen Könige, An diesem Dienstag, Die Küchenuhr, Nachts schlafen die Ratten doch, Schischyphusch</subfield>
      <subfield code="c">von Karl Brinkmann</subfield>
    </datafield>
    <datafield ind1=" " ind2=" " tag="250">
      <subfield code="a">9. Aufl.</subfield>
      <subfield code="b"> / bearb. von Robert Hippe</subfield>
    </datafield>
    <datafield ind1=" " ind2=" " tag="259">
      <subfield code="a">19</subfield>
    </datafield>
    <datafield ind1="3" ind2=" " tag="260">
      <subfield code="a">Hollfeld/Obfr.</subfield>
      <subfield code="b">Bange</subfield>
      <subfield code="c">1980</subfield>
    </datafield>
    <datafield ind1=" " ind2=" " tag="300">
      <subfield code="a">80 S.</subfield>
      <subfield code="c">16 cm</subfield>
    </datafield>
    <datafield ind1="1" ind2=" " tag="490">
      <subfield code="a">Königs Erläuterungen und Materialien</subfield>
      <subfield code="v">Bd. 299</subfield>
    </datafield>
    <datafield ind1=" " ind2=" " tag="500">
      <subfield code="a">Nebent.: Wolfgang Borchert, Draussen vor der Tür und Die Hundeblume, Die drei dunklen Könige, An diesem Dienstag, Die Küchenuhr, Nachts schlafen die Ratten doch, Schischyphusch</subfield>
    </datafield>
    <datafield ind1="1" ind2=" " tag="700">
      <subfield code="0">(DE-588)105817635</subfield>
      <subfield code="0">(DE-101)105817635</subfield>
      <subfield code="a">Hippe, Robert</subfield>
      <subfield code="4">edt</subfield>
      <subfield code="e">Bearb.</subfield>
    </datafield>
    <datafield ind1="0" ind2="0" tag="780">
      <subfield code="t">Früher u.d.T.: Brinkmann, Karl: Wolfgang Borchert, Draussen vor der Tür und Die Hundeblume, Die drei dunklen Könige, An diesem Dienstag, Die Küchenuhr, Nachts schlafen die Ratten doch, Schischyphusch.</subfield>
    </datafield>
    <datafield ind1=" " ind2="0" tag="830">
      <subfield code="a">Königs Erläuterungen und Materialien</subfield>
      <subfield code="v">Bd. 299</subfield>
      <subfield code="w">(DE-101)012984590</subfield>
      <subfield code="w">(DE-600)546050-5</subfield>
      <subfield code="9">3299</subfield>
    </datafield>
  </record>