
  <record>
    <leader>01071nam a2200277 c 4500</leader>
    <controlfield tag="001">800780515</controlfield>
    <controlfield tag="003">DE-101</controlfield>
    <controlfield tag="005">20071225013109.0</controlfield>
    <controlfield tag="007">tu</controlfield>
    <controlfield tag="008">800431s1976    xx |||||r|||| 00||||ger  </controlfield>
    <datafield ind1=" " ind2=" " tag="015">
      <subfield code="a">80,B15,0388</subfield>
      <subfield code="2">dnb</subfield>
    </datafield>
    <datafield ind1="7" ind2=" " tag="016">
      <subfield code="2">DE-101</subfield>
      <subfield code="a">800780515</subfield>
    </datafield>
    <datafield ind1=" " ind2=" " tag="035">
      <subfield code="a">(DE-599)DNB800780515</subfield>
    </datafield>
    <datafield ind1=" " ind2=" " tag="035">
      <subfield code="a">(OCoLC)720677560</subfield>
    </datafield>
    <datafield ind1=" " ind2=" " tag="040">
      <subfield code="a">1200</subfield>
      <subfield code="b">ger</subfield>
      <subfield code="c">DE-101</subfield>
      <subfield code="d">9999</subfield>
    </datafield>
    <datafield ind1=" " ind2=" " tag="041">
      <subfield code="a">ger</subfield>
    </datafield>
    <datafield ind1=" " ind2=" " tag="044">
      <subfield code="c">ZZ</subfield>
    </datafield>
    <datafield ind1="7" ind2="4" tag="082">
      <subfield code="q">DE-101</subfield>
      <subfield code="2">22sdnb</subfield>
    </datafield>
    <datafield ind1=" " ind2=" " tag="084">
      <subfield code="a">07a</subfield>
      <subfield code="a">400</subfield>
      <subfield code="a">420</subfield>
      <subfield code="a">430</subfield>
      <subfield code="a">439</subfield>
      <subfield code="a">440</subfield>
      <subfield code="a">450</subfield>
      <subfield code="a">460</subfield>
      <subfield code="a">470</subfield>
      <subfield code="a">480</subfield>
      <subfield code="a">490</subfield>
      <subfield code="a">800</subfield>
      <subfield code="a">810</subfield>
      <subfield code="a">820</subfield>
      <subfield code="a">830</subfield>
      <subfield code="a">839</subfield>
      <subfield code="a">840</subfield>
      <subfield code="a">850</subfield>
      <subfield code="a">860</subfield>
      <subfield code="a">870</subfield>
      <subfield code="a">880</subfield>
      <subfield code="a">890</subfield>
      <subfield code="q">DE-101</subfield>
      <subfield code="2">sdnb</subfield>
    </datafield>
    <datafield ind1="1" ind2=" " tag="100">
      <subfield code="0">(DE-588)108951383</subfield>
      <subfield code="0">(DE-101)108951383</subfield>
      <subfield code="a">Brévart, Francis B.</subfield>
      <subfield code="4">aut</subfield>
    </datafield>
    <datafield ind1="1" ind2="0" tag="245">
      <subfield code="a">Die Reizreden im Nibelungenlied, in der Chanson de Roland und im Beowulf-Epos</subfield>
      <subfield code="c">by F. B. Brévart</subfield>
    </datafield>
    <datafield ind1="3" ind2=" " tag="260">
      <subfield code="a">Ottawa</subfield>
      <subfield code="b">National Library of Canada</subfield>
      <subfield code="c">1976</subfield>
    </datafield>
    <datafield ind1=" " ind2=" " tag="300">
      <subfield code="a">3 Mikrofiches (195 Bl.)</subfield>
      <subfield code="c">11 x 15 cm</subfield>
    </datafield>
    <datafield ind1="1" ind2=" " tag="490">
      <subfield code="a">Canadian theses on microfiche</subfield>
      <subfield code="v">27095</subfield>
    </datafield>
    <datafield ind1=" " ind2=" " tag="502">
      <subfield code="a">Zugl.: Montreal, McGill Univ., Fac. of Graduate Studies and Research, Diss., 1975.</subfield>
    </datafield>
    <datafield ind1=" " ind2="0" tag="830">
      <subfield code="a">Canadian theses on microfiche</subfield>
      <subfield code="v">27095</subfield>
      <subfield code="9">527095</subfield>
    </datafield>
  </record>