
  <record>
    <leader>01159nam a2200277 c 4500</leader>
    <controlfield tag="001">800897439</controlfield>
    <controlfield tag="003">DE-101</controlfield>
    <controlfield tag="005">20110126130805.0</controlfield>
    <controlfield tag="007">tu</controlfield>
    <controlfield tag="008">801003s1979    gw |||||r|||| 00||||ger  </controlfield>
    <datafield ind1=" " ind2=" " tag="015">
      <subfield code="a">80,B24,0592</subfield>
      <subfield code="2">dnb</subfield>
    </datafield>
    <datafield ind1="7" ind2=" " tag="016">
      <subfield code="2">DE-101</subfield>
      <subfield code="a">800897439</subfield>
    </datafield>
    <datafield ind1=" " ind2=" " tag="035">
      <subfield code="a">(DE-599)DNB800897439</subfield>
    </datafield>
    <datafield ind1=" " ind2=" " tag="035">
      <subfield code="a">(OCoLC)720712177</subfield>
    </datafield>
    <datafield ind1=" " ind2=" " tag="040">
      <subfield code="a">1200</subfield>
      <subfield code="b">ger</subfield>
      <subfield code="c">DE-101</subfield>
      <subfield code="d">1240</subfield>
    </datafield>
    <datafield ind1=" " ind2=" " tag="041">
      <subfield code="a">ger</subfield>
    </datafield>
    <datafield ind1=" " ind2=" " tag="044">
      <subfield code="c">XA-DE</subfield>
    </datafield>
    <datafield ind1="7" ind2="4" tag="082">
      <subfield code="q">DE-101</subfield>
      <subfield code="2">22sdnb</subfield>
    </datafield>
    <datafield ind1=" " ind2=" " tag="084">
      <subfield code="a">06a</subfield>
      <subfield code="a">05b</subfield>
      <subfield code="a">320</subfield>
      <subfield code="a">355</subfield>
      <subfield code="q">DE-101</subfield>
      <subfield code="2">sdnb</subfield>
    </datafield>
    <datafield ind1="1" ind2=" " tag="100">
      <subfield code="0">(DE-588)115824960</subfield>
      <subfield code="0">(DE-101)115824960</subfield>
      <subfield code="a">Wiehn, Erhard Roy</subfield>
      <subfield code="d">1937-</subfield>
      <subfield code="4">aut</subfield>
    </datafield>
    <datafield ind1="1" ind2="0" tag="245">
      <subfield code="a">Die Programmatik der europäischen Parteienkonföderationen</subfield>
      <subfield code="b">Werte u. Leitbilder in Europa ; e. Inhaltsanalyse</subfield>
      <subfield code="c">Erhard R. Wiehn ; Reinhold Schmid ; Thomas Schott. Unter Mitarb. von Klaus Schuhmacher ; Johann M. Birner. Univ. Konstanz, Sozialwissenschaftl. Fak., Soziologie</subfield>
    </datafield>
    <datafield ind1="3" ind2=" " tag="260">
      <subfield code="a">Konstanz</subfield>
      <subfield code="b">Univ., Sozialwissenschaftl. Fak., Soziologie</subfield>
      <subfield code="c">1979</subfield>
    </datafield>
    <datafield ind1=" " ind2=" " tag="300">
      <subfield code="a">272 S.</subfield>
      <subfield code="b">1 Ill.</subfield>
      <subfield code="c">21 cm</subfield>
    </datafield>
    <datafield ind1=" " ind2=" " tag="500">
      <subfield code="a">Literaturverz. S. 253 - 272.</subfield>
    </datafield>
    <datafield ind1="1" ind2=" " tag="700">
      <subfield code="0">(DE-588)101517262</subfield>
      <subfield code="0">(DE-101)101517262</subfield>
      <subfield code="a">Schmid, Reinhold</subfield>
      <subfield code="4">aut</subfield>
    </datafield>
    <datafield ind1="1" ind2=" " tag="700">
      <subfield code="0">(DE-588)143356321</subfield>
      <subfield code="0">(DE-101)143356321</subfield>
      <subfield code="a">Schott, Thomas</subfield>
      <subfield code="d">1949-</subfield>
      <subfield code="4">aut</subfield>
    </datafield>
  </record>