
  <record>
    <leader>01416pam a2200361 c 4500</leader>
    <controlfield tag="001">801092906</controlfield>
    <controlfield tag="003">DE-101</controlfield>
    <controlfield tag="005">20071225024327.0</controlfield>
    <controlfield tag="007">tu</controlfield>
    <controlfield tag="008">800129s1980    gw |||||r|||| 00||||ger  </controlfield>
    <datafield ind1=" " ind2=" " tag="015">
      <subfield code="a">80,A32,0101</subfield>
      <subfield code="z">80,N09,0088</subfield>
      <subfield code="2">dnb</subfield>
    </datafield>
    <datafield ind1="7" ind2=" " tag="016">
      <subfield code="2">DE-101</subfield>
      <subfield code="a">801092906</subfield>
    </datafield>
    <datafield ind1=" " ind2=" " tag="020">
      <subfield code="a">3456804350</subfield>
      <subfield code="c">kart. : sfr 21.00</subfield>
      <subfield code="9">3-456-80435-0</subfield>
    </datafield>
    <datafield ind1=" " ind2=" " tag="035">
      <subfield code="a">(DE-599)DNB801092906</subfield>
    </datafield>
    <datafield ind1=" " ind2=" " tag="035">
      <subfield code="a">(OCoLC)610992750</subfield>
    </datafield>
    <datafield ind1=" " ind2=" " tag="040">
      <subfield code="a">1200</subfield>
      <subfield code="b">ger</subfield>
      <subfield code="c">DE-101</subfield>
      <subfield code="d">9999</subfield>
    </datafield>
    <datafield ind1=" " ind2=" " tag="041">
      <subfield code="a">ger</subfield>
    </datafield>
    <datafield ind1=" " ind2=" " tag="044">
      <subfield code="c">XA-DE</subfield>
    </datafield>
    <datafield ind1="7" ind2="4" tag="082">
      <subfield code="q">DE-101</subfield>
      <subfield code="2">22sdnb</subfield>
    </datafield>
    <datafield ind1=" " ind2=" " tag="084">
      <subfield code="a">03b</subfield>
      <subfield code="a">05b</subfield>
      <subfield code="a">10a</subfield>
      <subfield code="a">17a</subfield>
      <subfield code="a">130</subfield>
      <subfield code="a">150</subfield>
      <subfield code="q">DE-101</subfield>
      <subfield code="2">sdnb</subfield>
    </datafield>
    <datafield ind1="1" ind2="0" tag="245">
      <subfield code="a">Familie, Umwelt und Persönlichkeit geistig Behinderter</subfield>
      <subfield code="c">Dietrich Eggert ... (Hrsg.)</subfield>
    </datafield>
    <datafield ind1="3" ind2=" " tag="260">
      <subfield code="a">Bern, Stuttgart, Wien</subfield>
      <subfield code="b">Huber</subfield>
      <subfield code="c">1980</subfield>
    </datafield>
    <datafield ind1=" " ind2=" " tag="300">
      <subfield code="a">182 S.</subfield>
      <subfield code="b">graph. Darst.</subfield>
      <subfield code="c">19 cm</subfield>
    </datafield>
    <datafield ind1="1" ind2=" " tag="490">
      <subfield code="a">Arbeiten zur Theorie und Praxis der Rehabilitation in Medizin, Psychologie und Sonderpädagogik</subfield>
      <subfield code="v">Bd. 19</subfield>
    </datafield>
    <datafield ind1=" " ind2=" " tag="500">
      <subfield code="a">Literaturangaben. - Auf d. Rücken: Eggert-Schomburg-Altemöller.</subfield>
    </datafield>
    <datafield ind1=" " ind2="7" tag="650">
      <subfield code="2">local</subfield>
      <subfield code="a">Geistig behindertes Kind</subfield>
    </datafield>
    <datafield ind1=" " ind2="7" tag="650">
      <subfield code="2">local</subfield>
      <subfield code="a">Sozialisation</subfield>
    </datafield>
    <datafield ind1=" " ind2="7" tag="650">
      <subfield code="2">local</subfield>
      <subfield code="a">Psychodiagnostik</subfield>
    </datafield>
    <datafield ind1=" " ind2="7" tag="650">
      <subfield code="2">local</subfield>
      <subfield code="a">Psychodiagnostik</subfield>
    </datafield>
    <datafield ind1=" " ind2="7" tag="650">
      <subfield code="2">local</subfield>
      <subfield code="a">Sozialisation</subfield>
    </datafield>
    <datafield ind1=" " ind2="7" tag="650">
      <subfield code="2">local</subfield>
      <subfield code="a">Geistig behindertes Kind</subfield>
    </datafield>
    <datafield ind1="1" ind2=" " tag="700">
      <subfield code="0">(DE-588)128623403</subfield>
      <subfield code="0">(DE-101)128623403</subfield>
      <subfield code="a">Eggert, Dietrich</subfield>
      <subfield code="d">1940-</subfield>
      <subfield code="4">edt</subfield>
      <subfield code="e">Hrsg.</subfield>
    </datafield>
    <datafield ind1=" " ind2="0" tag="830">
      <subfield code="a">Arbeiten zur Theorie und Praxis der Rehabilitation in Medizin, Psychologie und Sonderpädagogik</subfield>
      <subfield code="v">Bd. 19</subfield>
      <subfield code="9">219</subfield>
    </datafield>
  </record>