
  <record>
    <leader>01242pam a2200313 c 4500</leader>
    <controlfield tag="001">810205505</controlfield>
    <controlfield tag="003">DE-101</controlfield>
    <controlfield tag="005">20071225042243.0</controlfield>
    <controlfield tag="007">tu</controlfield>
    <controlfield tag="008">810128s1981    gw |||||r|||| 00||||ger  </controlfield>
    <datafield ind1=" " ind2=" " tag="015">
      <subfield code="a">81,A29,0129</subfield>
      <subfield code="z">81,N10,0058</subfield>
      <subfield code="2">dnb</subfield>
    </datafield>
    <datafield ind1="7" ind2=" " tag="016">
      <subfield code="2">DE-101</subfield>
      <subfield code="a">810205505</subfield>
    </datafield>
    <datafield ind1=" " ind2=" " tag="020">
      <subfield code="a">3541097612</subfield>
      <subfield code="c">kart. : DM 36.00</subfield>
      <subfield code="9">3-541-09761-2</subfield>
    </datafield>
    <datafield ind1=" " ind2=" " tag="035">
      <subfield code="a">(DE-599)DNB810205505</subfield>
    </datafield>
    <datafield ind1=" " ind2=" " tag="035">
      <subfield code="a">(OCoLC)46093356</subfield>
    </datafield>
    <datafield ind1=" " ind2=" " tag="040">
      <subfield code="a">1200</subfield>
      <subfield code="b">ger</subfield>
      <subfield code="c">DE-101</subfield>
      <subfield code="d">9999</subfield>
    </datafield>
    <datafield ind1=" " ind2=" " tag="041">
      <subfield code="a">ger</subfield>
    </datafield>
    <datafield ind1=" " ind2=" " tag="044">
      <subfield code="c">XA-DE</subfield>
    </datafield>
    <datafield ind1="7" ind2="4" tag="082">
      <subfield code="q">DE-101</subfield>
      <subfield code="2">22sdnb</subfield>
    </datafield>
    <datafield ind1=" " ind2=" " tag="084">
      <subfield code="a">03b</subfield>
      <subfield code="a">130</subfield>
      <subfield code="a">150</subfield>
      <subfield code="q">DE-101</subfield>
      <subfield code="2">sdnb</subfield>
    </datafield>
    <datafield ind1="1" ind2=" " tag="100">
      <subfield code="0">(DE-588)131555804</subfield>
      <subfield code="0">(DE-101)131555804</subfield>
      <subfield code="a">Pervin, Lawrence A.</subfield>
      <subfield code="d">1936-</subfield>
      <subfield code="4">aut</subfield>
    </datafield>
    <datafield ind1="1" ind2="0" tag="245">
      <subfield code="a">Persönlichkeitspsychologie in Kontroversen</subfield>
      <subfield code="b">[Person, Situation, Vererbung, Umwelt, Aggression, Altruismus, Emotion, Geschlechtsunterschiede, Selbst, Psychotherapie, Forschungsethik, Wiss., Politik]</subfield>
      <subfield code="c">Lawrence A. Pervin. Übers. von Bernd Weidenmann</subfield>
    </datafield>
    <datafield ind1="3" ind2=" " tag="260">
      <subfield code="a">München</subfield>
      <subfield code="a">Wien</subfield>
      <subfield code="a">Baltimore</subfield>
      <subfield code="b">Urban und Schwarzenberg</subfield>
      <subfield code="c">1981</subfield>
    </datafield>
    <datafield ind1=" " ind2=" " tag="300">
      <subfield code="a">329 S.</subfield>
      <subfield code="c">23 cm</subfield>
    </datafield>
    <datafield ind1="0" ind2=" " tag="490">
      <subfield code="a">U-&amp;-S-Psychologie</subfield>
    </datafield>
    <datafield ind1=" " ind2=" " tag="500">
      <subfield code="a">Aus d. Amerikan. übers. - Literaturverz. S. 307 - 320</subfield>
    </datafield>
    <datafield ind1=" " ind2="7" tag="650">
      <subfield code="2">local</subfield>
      <subfield code="a">Persönlichkeit</subfield>
    </datafield>
    <datafield ind1=" " ind2="7" tag="650">
      <subfield code="2">local</subfield>
      <subfield code="a">Persönlichkeit</subfield>
    </datafield>
    <datafield ind1="0" ind2=" " tag="730">
      <subfield code="a">Current controversies and issues in personality</subfield>
      <subfield code="g">dt.</subfield>
    </datafield>
  </record>