
  <record>
    <leader>01141pam a2200313 c 4500</leader>
    <controlfield tag="001">820667056</controlfield>
    <controlfield tag="003">DE-101</controlfield>
    <controlfield tag="005">20110203094911.0</controlfield>
    <controlfield tag="007">tu</controlfield>
    <controlfield tag="008">820514s1982    gw |||||r|||| 00||||ger  </controlfield>
    <datafield ind1=" " ind2=" " tag="015">
      <subfield code="a">82,A45,0624</subfield>
      <subfield code="z">82,N25,0131</subfield>
      <subfield code="2">dnb</subfield>
    </datafield>
    <datafield ind1="7" ind2=" " tag="016">
      <subfield code="2">DE-101</subfield>
      <subfield code="a">820667056</subfield>
    </datafield>
    <datafield ind1=" " ind2=" " tag="020">
      <subfield code="a">3110071878</subfield>
      <subfield code="c">Kunststoff : DM 58.00</subfield>
      <subfield code="9">3-11-007187-8</subfield>
    </datafield>
    <datafield ind1=" " ind2=" " tag="035">
      <subfield code="a">(DE-599)DNB820667056</subfield>
    </datafield>
    <datafield ind1=" " ind2=" " tag="035">
      <subfield code="a">(OCoLC)230260881</subfield>
    </datafield>
    <datafield ind1=" " ind2=" " tag="040">
      <subfield code="a">1200</subfield>
      <subfield code="b">ger</subfield>
      <subfield code="c">DE-101</subfield>
      <subfield code="d">0101</subfield>
    </datafield>
    <datafield ind1=" " ind2=" " tag="041">
      <subfield code="a">ger</subfield>
    </datafield>
    <datafield ind1=" " ind2=" " tag="044">
      <subfield code="c">XA-DE</subfield>
    </datafield>
    <datafield ind1="7" ind2="4" tag="082">
      <subfield code="q">DE-101</subfield>
      <subfield code="2">22sdnb</subfield>
    </datafield>
    <datafield ind1=" " ind2=" " tag="084">
      <subfield code="a">33</subfield>
      <subfield code="a">03</subfield>
      <subfield code="a">610</subfield>
      <subfield code="q">DE-101</subfield>
      <subfield code="2">sdnb</subfield>
    </datafield>
    <datafield ind1="1" ind2=" " tag="100">
      <subfield code="0">(DE-588)102650462</subfield>
      <subfield code="0">(DE-101)102650462</subfield>
      <subfield code="a">Pschyrembel, Willibald</subfield>
      <subfield code="d">1901-1987</subfield>
      <subfield code="4">aut</subfield>
    </datafield>
    <datafield ind1="1" ind2="0" tag="245">
      <subfield code="a">Klinisches Wörterbuch</subfield>
      <subfield code="b">mit klin. Syndromen u. nomina anatomica</subfield>
      <subfield code="c">W. Pschyrembel. [Gegr. von Otto Dornblüth]</subfield>
    </datafield>
    <datafield ind1=" " ind2=" " tag="250">
      <subfield code="a">254., neubearb. Aufl.</subfield>
    </datafield>
    <datafield ind1=" " ind2=" " tag="259">
      <subfield code="a">3254</subfield>
    </datafield>
    <datafield ind1="3" ind2=" " tag="260">
      <subfield code="a">Berlin</subfield>
      <subfield code="a">New York</subfield>
      <subfield code="b">de Gruyter</subfield>
      <subfield code="c">1982</subfield>
    </datafield>
    <datafield ind1=" " ind2=" " tag="300">
      <subfield code="a">XXIV, 1341 S.</subfield>
      <subfield code="b">zahlr. Ill. u. graph. Darst.</subfield>
      <subfield code="c">21 cm</subfield>
    </datafield>
    <datafield ind1=" " ind2="7" tag="650">
      <subfield code="2">local</subfield>
      <subfield code="a">Medizin</subfield>
      <subfield code="x">Lexikon, Wörterbuch</subfield>
    </datafield>
    <datafield ind1=" " ind2="7" tag="650">
      <subfield code="2">local</subfield>
      <subfield code="a">Medizin</subfield>
      <subfield code="x">Wörterbücher, Lexika</subfield>
    </datafield>
    <datafield ind1="1" ind2=" " tag="700">
      <subfield code="0">(DE-588)116187255</subfield>
      <subfield code="0">(DE-101)116187255</subfield>
      <subfield code="a">Dornblüth, Otto</subfield>
      <subfield code="d">1860-1922</subfield>
      <subfield code="4">ant</subfield>
      <subfield code="e">Begr.</subfield>
    </datafield>
  </record>