
  <record>
    <leader>01162nam a2200325 c 4500</leader>
    <controlfield tag="001">820857572</controlfield>
    <controlfield tag="003">DE-101</controlfield>
    <controlfield tag="005">20071225095757.0</controlfield>
    <controlfield tag="007">tu</controlfield>
    <controlfield tag="008">820624s1982    gw |||||r|||| 00||||ger  </controlfield>
    <datafield ind1=" " ind2=" " tag="015">
      <subfield code="a">82,A34,0135</subfield>
      <subfield code="2">dnb</subfield>
    </datafield>
    <datafield ind1="7" ind2=" " tag="016">
      <subfield code="2">DE-101</subfield>
      <subfield code="a">820857572</subfield>
    </datafield>
    <datafield ind1=" " ind2=" " tag="020">
      <subfield code="a">0080267815</subfield>
      <subfield code="c">Kunststoff : DM 186.00</subfield>
      <subfield code="9">0-08-026781-5</subfield>
    </datafield>
    <datafield ind1=" " ind2=" " tag="035">
      <subfield code="a">(DE-599)DNB820857572</subfield>
    </datafield>
    <datafield ind1=" " ind2=" " tag="035">
      <subfield code="a">(OCoLC)720942315</subfield>
    </datafield>
    <datafield ind1=" " ind2=" " tag="040">
      <subfield code="a">1200</subfield>
      <subfield code="b">ger</subfield>
      <subfield code="c">DE-101</subfield>
      <subfield code="d">9999</subfield>
    </datafield>
    <datafield ind1=" " ind2=" " tag="041">
      <subfield code="a">ger</subfield>
    </datafield>
    <datafield ind1=" " ind2=" " tag="044">
      <subfield code="c">XA-DE</subfield>
    </datafield>
    <datafield ind1="7" ind2="4" tag="082">
      <subfield code="q">DE-101</subfield>
      <subfield code="2">22sdnb</subfield>
    </datafield>
    <datafield ind1=" " ind2=" " tag="084">
      <subfield code="a">11</subfield>
      <subfield code="a">32</subfield>
      <subfield code="a">150</subfield>
      <subfield code="q">DE-101</subfield>
      <subfield code="2">sdnb</subfield>
    </datafield>
    <datafield ind1="1" ind2=" " tag="100">
      <subfield code="0">(DE-588)110061608</subfield>
      <subfield code="0">(DE-101)110061608</subfield>
      <subfield code="a">Mangan, Gordon L.</subfield>
      <subfield code="4">aut</subfield>
    </datafield>
    <datafield ind1="1" ind2="0" tag="245">
      <subfield code="a">The biology of human conduct</subfield>
      <subfield code="b">east-west models of temperament and personality</subfield>
      <subfield code="c">by G. L. Mangan</subfield>
    </datafield>
    <datafield ind1=" " ind2=" " tag="250">
      <subfield code="a">1. ed.</subfield>
    </datafield>
    <datafield ind1=" " ind2=" " tag="259">
      <subfield code="a">11</subfield>
    </datafield>
    <datafield ind1="3" ind2=" " tag="260">
      <subfield code="a">Oxford</subfield>
      <subfield code="a">New York</subfield>
      <subfield code="a">Toronto</subfield>
      <subfield code="a">Sydney</subfield>
      <subfield code="a">Paris</subfield>
      <subfield code="a">Frankfurt [Main i.e. Kronberg/Taunus]</subfield>
      <subfield code="b">Pergamon Press</subfield>
      <subfield code="c">1982</subfield>
    </datafield>
    <datafield ind1=" " ind2=" " tag="300">
      <subfield code="a">VIII, 571 S.</subfield>
      <subfield code="b">graph. Darst.</subfield>
      <subfield code="c">24 cm</subfield>
    </datafield>
    <datafield ind1="1" ind2=" " tag="490">
      <subfield code="a">International series in experimental psychology</subfield>
      <subfield code="v">Vol. 25</subfield>
    </datafield>
    <datafield ind1=" " ind2=" " tag="500">
      <subfield code="a">Literaturverz. S. [465] - 542</subfield>
    </datafield>
    <datafield ind1=" " ind2="7" tag="650">
      <subfield code="2">local</subfield>
      <subfield code="a">Persönlichkeit</subfield>
    </datafield>
    <datafield ind1=" " ind2="0" tag="830">
      <subfield code="a">International series in experimental psychology</subfield>
      <subfield code="v">Vol. 25</subfield>
      <subfield code="9">225</subfield>
    </datafield>
  </record>