
  <record>
    <leader>00949pam a2200301 c 4500</leader>
    <controlfield tag="001">830284915</controlfield>
    <controlfield tag="003">DE-101</controlfield>
    <controlfield tag="005">20071225120707.0</controlfield>
    <controlfield tag="007">tu</controlfield>
    <controlfield tag="008">830125s1983    gw |||||r|||| 00||||ger  </controlfield>
    <datafield ind1=" " ind2=" " tag="015">
      <subfield code="a">83,A22,0737</subfield>
      <subfield code="z">83,N09,0263</subfield>
      <subfield code="2">dnb</subfield>
    </datafield>
    <datafield ind1="7" ind2=" " tag="016">
      <subfield code="2">DE-101</subfield>
      <subfield code="a">830284915</subfield>
    </datafield>
    <datafield ind1=" " ind2=" " tag="020">
      <subfield code="a">3425060872</subfield>
      <subfield code="c">kart. : DM 6.80</subfield>
      <subfield code="9">3-425-06087-2</subfield>
    </datafield>
    <datafield ind1=" " ind2=" " tag="035">
      <subfield code="a">(DE-599)DNB830284915</subfield>
    </datafield>
    <datafield ind1=" " ind2=" " tag="035">
      <subfield code="a">(OCoLC)611782915</subfield>
    </datafield>
    <datafield ind1=" " ind2=" " tag="040">
      <subfield code="a">1200</subfield>
      <subfield code="b">ger</subfield>
      <subfield code="c">DE-101</subfield>
      <subfield code="d">9999</subfield>
    </datafield>
    <datafield ind1=" " ind2=" " tag="041">
      <subfield code="a">ger</subfield>
    </datafield>
    <datafield ind1=" " ind2=" " tag="044">
      <subfield code="c">XA-DE</subfield>
    </datafield>
    <datafield ind1="7" ind2="4" tag="082">
      <subfield code="q">DE-101</subfield>
      <subfield code="2">22sdnb</subfield>
    </datafield>
    <datafield ind1=" " ind2=" " tag="084">
      <subfield code="a">53</subfield>
      <subfield code="a">2205</subfield>
      <subfield code="a">430</subfield>
      <subfield code="a">830</subfield>
      <subfield code="a">S</subfield>
      <subfield code="q">DE-101</subfield>
      <subfield code="2">sdnb</subfield>
    </datafield>
    <datafield ind1="1" ind2=" " tag="100">
      <subfield code="0">(DE-588)11806083X</subfield>
      <subfield code="0">(DE-101)11806083X</subfield>
      <subfield code="a">Balzer, Bernd</subfield>
      <subfield code="d">1942-</subfield>
      <subfield code="4">aut</subfield>
    </datafield>
    <datafield ind1="1" ind2="0" tag="245">
      <subfield code="a">Wolfgang Borchert: Draussen vor der Tür</subfield>
      <subfield code="c">von Bernd Balzer</subfield>
    </datafield>
    <datafield ind1=" " ind2=" " tag="250">
      <subfield code="a">1. Aufl.</subfield>
    </datafield>
    <datafield ind1=" " ind2=" " tag="259">
      <subfield code="a">11</subfield>
    </datafield>
    <datafield ind1="3" ind2=" " tag="260">
      <subfield code="a">Frankfurt am Main</subfield>
      <subfield code="a">Berlin</subfield>
      <subfield code="a">München</subfield>
      <subfield code="b">Diesterweg</subfield>
      <subfield code="c">1983</subfield>
    </datafield>
    <datafield ind1=" " ind2=" " tag="300">
      <subfield code="a">64 S.</subfield>
      <subfield code="c">21 cm</subfield>
    </datafield>
    <datafield ind1="0" ind2=" " tag="490">
      <subfield code="a">Grundlagen und Gedanken zum Verständnis des Dramas</subfield>
    </datafield>
    <datafield ind1="1" ind2="7" tag="600">
      <subfield code="2">local</subfield>
      <subfield code="a">Borchert, Wolfgang</subfield>
    </datafield>
  </record>