
  <record>
    <leader>01131nam a2200301 c 4500</leader>
    <controlfield tag="001">830439919</controlfield>
    <controlfield tag="003">DE-101</controlfield>
    <controlfield tag="005">20110104130848.0</controlfield>
    <controlfield tag="007">tu</controlfield>
    <controlfield tag="008">830225s1982    gw |||||r|||| 00||||ger  </controlfield>
    <datafield ind1=" " ind2=" " tag="015">
      <subfield code="a">83,B09,0033</subfield>
      <subfield code="2">dnb</subfield>
    </datafield>
    <datafield ind1="7" ind2=" " tag="016">
      <subfield code="2">DE-101</subfield>
      <subfield code="a">830439919</subfield>
    </datafield>
    <datafield ind1=" " ind2=" " tag="020">
      <subfield code="a">3923808011</subfield>
      <subfield code="c">kart. (Pr. nicht mitget.)</subfield>
      <subfield code="9">3-923808-01-1</subfield>
    </datafield>
    <datafield ind1=" " ind2=" " tag="035">
      <subfield code="a">(DE-599)DNB830439919</subfield>
    </datafield>
    <datafield ind1=" " ind2=" " tag="035">
      <subfield code="a">(OCoLC)74590660</subfield>
    </datafield>
    <datafield ind1=" " ind2=" " tag="040">
      <subfield code="a">1200</subfield>
      <subfield code="b">ger</subfield>
      <subfield code="c">DE-101</subfield>
      <subfield code="d">0101</subfield>
    </datafield>
    <datafield ind1=" " ind2=" " tag="041">
      <subfield code="a">ger</subfield>
    </datafield>
    <datafield ind1=" " ind2=" " tag="044">
      <subfield code="c">XA-DE</subfield>
    </datafield>
    <datafield ind1="7" ind2="4" tag="082">
      <subfield code="q">DE-101</subfield>
      <subfield code="2">22sdnb</subfield>
    </datafield>
    <datafield ind1=" " ind2=" " tag="084">
      <subfield code="a">11</subfield>
      <subfield code="a">14</subfield>
      <subfield code="a">150</subfield>
      <subfield code="q">DE-101</subfield>
      <subfield code="2">sdnb</subfield>
    </datafield>
    <datafield ind1="1" ind2=" " tag="100">
      <subfield code="0">(DE-588)108132730</subfield>
      <subfield code="0">(DE-101)108132730</subfield>
      <subfield code="a">Jüliger, Ralph M.</subfield>
      <subfield code="4">aut</subfield>
    </datafield>
    <datafield ind1="1" ind2="0" tag="245">
      <subfield code="a">Der Mensch und die Psychologie</subfield>
      <subfield code="b">menschl. Überlegungen zu Problemen d. Persönlichkeit ; dargest. mit Hilfe e. Modellversuchs</subfield>
      <subfield code="c">von Ralph M. Jüliger, [Hrsg. im Auftr. d. Psycho-Sozialwerk Deutschland e.V.]</subfield>
    </datafield>
    <datafield ind1=" " ind2=" " tag="250">
      <subfield code="a">2. Aufl.</subfield>
    </datafield>
    <datafield ind1=" " ind2=" " tag="259">
      <subfield code="a">12</subfield>
    </datafield>
    <datafield ind1="3" ind2=" " tag="260">
      <subfield code="a">Neu Isenburg</subfield>
      <subfield code="b">Inst. für Schüler- u. Elternberatung</subfield>
      <subfield code="c">1982</subfield>
    </datafield>
    <datafield ind1=" " ind2=" " tag="300">
      <subfield code="a">191 S.</subfield>
      <subfield code="b">graph. Darst.</subfield>
      <subfield code="c">21 cm</subfield>
    </datafield>
    <datafield ind1=" " ind2="7" tag="650">
      <subfield code="2">local</subfield>
      <subfield code="a">Persönlichkeit</subfield>
    </datafield>
    <datafield ind1="4" ind2="2" tag="856">
      <subfield code="m">B:DE-101</subfield>
      <subfield code="q">application/pdf</subfield>
      <subfield code="u">http://d-nb.info/830439919/04</subfield>
      <subfield code="3">Inhaltsverzeichnis</subfield>
    </datafield>
  </record>