
  <record>
    <leader>00877nam a2200277 c 4500</leader>
    <controlfield tag="001">840646712</controlfield>
    <controlfield tag="003">DE-101</controlfield>
    <controlfield tag="005">20071225170905.0</controlfield>
    <controlfield tag="007">tu</controlfield>
    <controlfield tag="008">831221s1948    gw |||||r|||| 00||||ger  </controlfield>
    <datafield ind1=" " ind2=" " tag="015">
      <subfield code="a">84,A26,0851</subfield>
      <subfield code="2">dnb</subfield>
    </datafield>
    <datafield ind1="7" ind2=" " tag="016">
      <subfield code="2">DE-101</subfield>
      <subfield code="a">840646712</subfield>
    </datafield>
    <datafield ind1=" " ind2=" " tag="020">
      <subfield code="c">kart. (Pr. nicht mitget.)</subfield>
    </datafield>
    <datafield ind1=" " ind2=" " tag="035">
      <subfield code="a">(DE-599)DNB840646712</subfield>
    </datafield>
    <datafield ind1=" " ind2=" " tag="035">
      <subfield code="a">(OCoLC)258418055</subfield>
    </datafield>
    <datafield ind1=" " ind2=" " tag="040">
      <subfield code="a">1200</subfield>
      <subfield code="b">ger</subfield>
      <subfield code="c">DE-101</subfield>
      <subfield code="d">9999</subfield>
    </datafield>
    <datafield ind1=" " ind2=" " tag="041">
      <subfield code="a">ger</subfield>
    </datafield>
    <datafield ind1=" " ind2=" " tag="044">
      <subfield code="c">XA-DE</subfield>
    </datafield>
    <datafield ind1="7" ind2="4" tag="082">
      <subfield code="q">DE-101</subfield>
      <subfield code="2">22sdnb</subfield>
    </datafield>
    <datafield ind1=" " ind2=" " tag="084">
      <subfield code="a">59</subfield>
      <subfield code="a">810</subfield>
      <subfield code="a">820</subfield>
      <subfield code="a">830</subfield>
      <subfield code="a">839</subfield>
      <subfield code="a">840</subfield>
      <subfield code="a">850</subfield>
      <subfield code="a">860</subfield>
      <subfield code="a">870</subfield>
      <subfield code="a">880</subfield>
      <subfield code="a">890</subfield>
      <subfield code="a">B</subfield>
      <subfield code="q">DE-101</subfield>
      <subfield code="2">sdnb</subfield>
    </datafield>
    <datafield ind1="1" ind2=" " tag="100">
      <subfield code="0">(DE-588)118513451</subfield>
      <subfield code="0">(DE-101)118513451</subfield>
      <subfield code="a">Borchert, Wolfgang</subfield>
      <subfield code="d">1921-1947</subfield>
      <subfield code="4">aut</subfield>
    </datafield>
    <datafield ind1="1" ind2="0" tag="245">
      <subfield code="a">Draussen vor der Tür</subfield>
      <subfield code="b">e. Stück, d. kein Theater spielen u. kein Publikum sehen will</subfield>
      <subfield code="c">Wolfgang Borchert</subfield>
    </datafield>
    <datafield ind1=" " ind2=" " tag="250">
      <subfield code="a">2. Aufl.</subfield>
    </datafield>
    <datafield ind1=" " ind2=" " tag="259">
      <subfield code="a">12</subfield>
    </datafield>
    <datafield ind1="3" ind2=" " tag="260">
      <subfield code="a">Hamburg</subfield>
      <subfield code="a">Stuttgart</subfield>
      <subfield code="b">Rowohlt</subfield>
      <subfield code="c">1948</subfield>
    </datafield>
    <datafield ind1=" " ind2=" " tag="300">
      <subfield code="a">60 S.</subfield>
      <subfield code="c">21 cm</subfield>
    </datafield>
  </record>