
  <record>
    <leader>01116nam a2200301 c 4500</leader>
    <controlfield tag="001">840717237</controlfield>
    <controlfield tag="003">DE-101</controlfield>
    <controlfield tag="005">20071225172602.0</controlfield>
    <controlfield tag="007">tu</controlfield>
    <controlfield tag="008">840918s1982    xx |||||r|||| 00||||ger  </controlfield>
    <datafield ind1=" " ind2=" " tag="015">
      <subfield code="a">84,A30,0135</subfield>
      <subfield code="2">dnb</subfield>
    </datafield>
    <datafield ind1="7" ind2=" " tag="016">
      <subfield code="2">DE-101</subfield>
      <subfield code="a">840717237</subfield>
    </datafield>
    <datafield ind1=" " ind2=" " tag="020">
      <subfield code="c">Pp. : M 49.60</subfield>
    </datafield>
    <datafield ind1=" " ind2=" " tag="035">
      <subfield code="a">(DE-599)DNB840717237</subfield>
    </datafield>
    <datafield ind1=" " ind2=" " tag="035">
      <subfield code="a">(OCoLC)74612677</subfield>
    </datafield>
    <datafield ind1=" " ind2=" " tag="040">
      <subfield code="a">1200</subfield>
      <subfield code="b">ger</subfield>
      <subfield code="c">DE-101</subfield>
      <subfield code="d">9999</subfield>
    </datafield>
    <datafield ind1=" " ind2=" " tag="041">
      <subfield code="a">ger</subfield>
    </datafield>
    <datafield ind1=" " ind2=" " tag="044">
      <subfield code="c">XA-DDDE</subfield>
    </datafield>
    <datafield ind1="7" ind2="4" tag="082">
      <subfield code="q">DE-101</subfield>
      <subfield code="2">22sdnb</subfield>
    </datafield>
    <datafield ind1=" " ind2=" " tag="084">
      <subfield code="a">11</subfield>
      <subfield code="a">2600</subfield>
      <subfield code="a">150</subfield>
      <subfield code="a">100</subfield>
      <subfield code="a">130</subfield>
      <subfield code="q">DE-101</subfield>
      <subfield code="2">sdnb</subfield>
    </datafield>
    <datafield ind1="1" ind2="0" tag="245">
      <subfield code="a">Progress in psychology of personality</subfield>
      <subfield code="b">[selected revised papers]</subfield>
      <subfield code="c">[XXIInd Internat. Congress of Psychology, Leipzig, GDR, July 6 - 12, 1980]. Ed. by Adolf Kossakowski and Kazimierz Obuchowski</subfield>
    </datafield>
    <datafield ind1="3" ind2=" " tag="260">
      <subfield code="a">Berlin</subfield>
      <subfield code="b">Deutscher Verlag d. Wiss.</subfield>
      <subfield code="c">1982</subfield>
    </datafield>
    <datafield ind1=" " ind2=" " tag="300">
      <subfield code="a">166 S.</subfield>
      <subfield code="b">graph. Darst.</subfield>
      <subfield code="c">24 cm</subfield>
    </datafield>
    <datafield ind1=" " ind2=" " tag="500">
      <subfield code="a">Literaturangaben</subfield>
    </datafield>
    <datafield ind1=" " ind2="7" tag="650">
      <subfield code="2">local</subfield>
      <subfield code="a">Persönlichkeit</subfield>
    </datafield>
    <datafield ind1=" " ind2="7" tag="650">
      <subfield code="2">local</subfield>
      <subfield code="a">Persönlichkeit</subfield>
    </datafield>
    <datafield ind1="1" ind2=" " tag="700">
      <subfield code="0">(DE-588)105615773</subfield>
      <subfield code="0">(DE-101)105615773</subfield>
      <subfield code="a">Kossakowski, Adolf</subfield>
      <subfield code="4">edt</subfield>
      <subfield code="e">Hrsg.</subfield>
    </datafield>
    <datafield ind1="2" ind2=" " tag="711">
      <subfield code="0">(DE-588)2069998-0</subfield>
      <subfield code="0">(DE-101)007200358</subfield>
      <subfield code="a">International Congress of Psychology</subfield>
      <subfield code="n">22</subfield>
      <subfield code="d">1980</subfield>
      <subfield code="c">Leipzig</subfield>
    </datafield>
  </record>