
  <record>
    <leader>01289pam a2200361 c 4500</leader>
    <controlfield tag="001">840827482</controlfield>
    <controlfield tag="003">DE-101</controlfield>
    <controlfield tag="005">20071225175244.0</controlfield>
    <controlfield tag="007">tu</controlfield>
    <controlfield tag="008">880418s1984    gw |||||r|||| 00||||ger  </controlfield>
    <datafield ind1=" " ind2=" " tag="015">
      <subfield code="a">88,A18,0212</subfield>
      <subfield code="z">84,N35,0018</subfield>
      <subfield code="2">dnb</subfield>
    </datafield>
    <datafield ind1="7" ind2=" " tag="016">
      <subfield code="2">DE-101</subfield>
      <subfield code="a">840827482</subfield>
    </datafield>
    <datafield ind1=" " ind2=" " tag="020">
      <subfield code="a">3591082090</subfield>
      <subfield code="c">kart. : DM 14.80</subfield>
      <subfield code="9">3-591-08209-0</subfield>
    </datafield>
    <datafield ind1=" " ind2=" " tag="035">
      <subfield code="a">(DE-599)DNB840827482</subfield>
    </datafield>
    <datafield ind1=" " ind2=" " tag="035">
      <subfield code="a">(OCoLC)74621833</subfield>
    </datafield>
    <datafield ind1=" " ind2=" " tag="040">
      <subfield code="a">1200</subfield>
      <subfield code="b">ger</subfield>
      <subfield code="c">DE-101</subfield>
      <subfield code="d">9999</subfield>
    </datafield>
    <datafield ind1=" " ind2=" " tag="041">
      <subfield code="a">ger</subfield>
    </datafield>
    <datafield ind1=" " ind2=" " tag="044">
      <subfield code="c">XA-DE</subfield>
    </datafield>
    <datafield ind1="7" ind2="4" tag="082">
      <subfield code="q">DE-101</subfield>
      <subfield code="2">22sdnb</subfield>
    </datafield>
    <datafield ind1=" " ind2=" " tag="084">
      <subfield code="a">10</subfield>
      <subfield code="a">11</subfield>
      <subfield code="a">100</subfield>
      <subfield code="q">DE-101</subfield>
      <subfield code="2">sdnb</subfield>
    </datafield>
    <datafield ind1=" " ind2=" " tag="084">
      <subfield code="a">5.7</subfield>
      <subfield code="q">DE-101</subfield>
      <subfield code="2">sswd</subfield>
    </datafield>
    <datafield ind1="1" ind2=" " tag="100">
      <subfield code="0">(DE-588)110310810</subfield>
      <subfield code="0">(DE-101)110310810</subfield>
      <subfield code="a">Gauquelin, Françoise</subfield>
      <subfield code="4">aut</subfield>
    </datafield>
    <datafield ind1="1" ind2="0" tag="245">
      <subfield code="a">Psychologie der Planeten</subfield>
      <subfield code="b">Astrologie u. Persönlichkeit</subfield>
      <subfield code="c">Françoise Gauquelin</subfield>
    </datafield>
    <datafield ind1="3" ind2=" " tag="260">
      <subfield code="a">Freiburg im Breisgau</subfield>
      <subfield code="b">Aurum-Verl.</subfield>
      <subfield code="c">1984</subfield>
    </datafield>
    <datafield ind1=" " ind2=" " tag="300">
      <subfield code="a">130 S.</subfield>
      <subfield code="b">18 graph. Darst.</subfield>
      <subfield code="c">20 cm</subfield>
    </datafield>
    <datafield ind1="1" ind2=" " tag="490">
      <subfield code="a">PSI-Reihe</subfield>
      <subfield code="v">Bd. 2</subfield>
    </datafield>
    <datafield ind1=" " ind2=" " tag="500">
      <subfield code="a">Mit 18 Abb. u. 10 Tab</subfield>
    </datafield>
    <datafield ind1=" " ind2="7" tag="650">
      <subfield code="0">(DE-588)4046212-2</subfield>
      <subfield code="0">(DE-101)040462129</subfield>
      <subfield code="a">Planet</subfield>
      <subfield code="2">gnd</subfield>
    </datafield>
    <datafield ind1=" " ind2="7" tag="650">
      <subfield code="0">(DE-588)4003305-3</subfield>
      <subfield code="0">(DE-101)040033058</subfield>
      <subfield code="a">Astrologie</subfield>
      <subfield code="2">gnd</subfield>
    </datafield>
    <datafield ind1="0" ind2="0" tag="689">
      <subfield code="0">(DE-588)4046212-2</subfield>
      <subfield code="0">(DE-101)040462129</subfield>
      <subfield code="D">s</subfield>
      <subfield code="a">Planet</subfield>
    </datafield>
    <datafield ind1="0" ind2="1" tag="689">
      <subfield code="0">(DE-588)4003305-3</subfield>
      <subfield code="0">(DE-101)040033058</subfield>
      <subfield code="D">s</subfield>
      <subfield code="a">Astrologie</subfield>
    </datafield>
    <datafield ind1="0" ind2=" " tag="689">
      <subfield code="5">DE-101</subfield>
      <subfield code="5">DE-101</subfield>
    </datafield>
    <datafield ind1=" " ind2="0" tag="830">
      <subfield code="a">PSI-Reihe</subfield>
      <subfield code="v">Bd. 2</subfield>
      <subfield code="w">(DE-101)551405147</subfield>
      <subfield code="w">(DE-600)2293591-5</subfield>
      <subfield code="9">12</subfield>
    </datafield>
  </record>