
  <record>
    <leader>01365pam a2200313 cb4500</leader>
    <controlfield tag="001">841109494</controlfield>
    <controlfield tag="003">DE-101</controlfield>
    <controlfield tag="005">20071225185926.0</controlfield>
    <controlfield tag="007">tu</controlfield>
    <controlfield tag="008">841130s1979    gw |||||r|||| 00||||ger  </controlfield>
    <datafield ind1=" " ind2=" " tag="015">
      <subfield code="a">84,A51,0025</subfield>
      <subfield code="z">79,N39,0045</subfield>
      <subfield code="2">dnb</subfield>
    </datafield>
    <datafield ind1="7" ind2=" " tag="016">
      <subfield code="2">DE-101</subfield>
      <subfield code="a">841109494</subfield>
    </datafield>
    <datafield ind1=" " ind2=" " tag="020">
      <subfield code="a">380550120X</subfield>
      <subfield code="c">kart. : ca. DM 32.00 ca. sfr 27.00, ca. $ 16.25</subfield>
      <subfield code="9">3-8055-0120-X</subfield>
    </datafield>
    <datafield ind1=" " ind2=" " tag="035">
      <subfield code="a">(DE-599)DNB841109494</subfield>
    </datafield>
    <datafield ind1=" " ind2=" " tag="035">
      <subfield code="a">(OCoLC)706992709</subfield>
    </datafield>
    <datafield ind1=" " ind2=" " tag="040">
      <subfield code="a">1200</subfield>
      <subfield code="b">ger</subfield>
      <subfield code="c">DE-101</subfield>
      <subfield code="d">9999</subfield>
    </datafield>
    <datafield ind1=" " ind2=" " tag="041">
      <subfield code="a">ger</subfield>
    </datafield>
    <datafield ind1=" " ind2=" " tag="044">
      <subfield code="c">XA-DE</subfield>
    </datafield>
    <datafield ind1="7" ind2="4" tag="082">
      <subfield code="q">DE-101</subfield>
      <subfield code="2">22sdnb</subfield>
    </datafield>
    <datafield ind1=" " ind2=" " tag="084">
      <subfield code="a">11</subfield>
      <subfield code="a">150</subfield>
      <subfield code="q">DE-101</subfield>
      <subfield code="2">sdnb</subfield>
    </datafield>
    <datafield ind1="1" ind2="0" tag="245">
      <subfield code="a">Personality development in two cultures</subfield>
      <subfield code="b">adapted from a ser. of papers presented in a special symposium at the XXIst Internat. Congress of Psychology, Paris, France, July 18 - 25, 1976</subfield>
      <subfield code="c">ed.: Rogelio Diaz-Guerrero ...</subfield>
    </datafield>
    <datafield ind1="3" ind2=" " tag="260">
      <subfield code="a">Basel</subfield>
      <subfield code="a">München</subfield>
      <subfield code="a">Paris</subfield>
      <subfield code="a">London</subfield>
      <subfield code="a">New York</subfield>
      <subfield code="a">Sydney</subfield>
      <subfield code="b">Karger</subfield>
      <subfield code="c">1979</subfield>
    </datafield>
    <datafield ind1=" " ind2=" " tag="300">
      <subfield code="a">S. 282 - 372</subfield>
      <subfield code="b">4 graph. Darst.</subfield>
      <subfield code="c">25 cm</subfield>
    </datafield>
    <datafield ind1="1" ind2=" " tag="490">
      <subfield code="a">Human development</subfield>
      <subfield code="v">Vol. 22, No. 5</subfield>
    </datafield>
    <datafield ind1=" " ind2=" " tag="500">
      <subfield code="a">Literaturangaben. - Mit 4 fig., 14 tab.</subfield>
    </datafield>
    <datafield ind1=" " ind2="7" tag="650">
      <subfield code="2">local</subfield>
      <subfield code="a">Entwicklungspsychologie</subfield>
    </datafield>
    <datafield ind1="1" ind2=" " tag="700">
      <subfield code="0">(DE-588)110387058</subfield>
      <subfield code="0">(DE-101)110387058</subfield>
      <subfield code="a">Diaz-Guerrero, Rogelio</subfield>
      <subfield code="4">edt</subfield>
      <subfield code="e">Hrsg.</subfield>
    </datafield>
    <datafield ind1="2" ind2=" " tag="711">
      <subfield code="0">(DE-588)2056469-7</subfield>
      <subfield code="0">(DE-101)007088094</subfield>
      <subfield code="a">International Congress of Psychology</subfield>
      <subfield code="n">21</subfield>
      <subfield code="d">1976</subfield>
      <subfield code="c">Paris</subfield>
    </datafield>
    <datafield ind1=" " ind2="0" tag="830">
      <subfield code="a">Human development</subfield>
      <subfield code="v">Vol. 22, No. 5</subfield>
      <subfield code="w">(DE-101)010021620</subfield>
      <subfield code="w">(DE-600)1689-5</subfield>
      <subfield code="9">222 15</subfield>
    </datafield>
  </record>