
  <record>
    <leader>01853nam a2200385 c 4500</leader>
    <controlfield tag="001">850137799</controlfield>
    <controlfield tag="003">DE-101</controlfield>
    <controlfield tag="005">20080913051607.0</controlfield>
    <controlfield tag="007">tu</controlfield>
    <controlfield tag="008">850130s1984    gw |||||r|||| 01||||ger  </controlfield>
    <datafield ind1=" " ind2=" " tag="015">
      <subfield code="a">85,B04,0089</subfield>
      <subfield code="2">dnb</subfield>
    </datafield>
    <datafield ind1="7" ind2=" " tag="016">
      <subfield code="2">DE-101</subfield>
      <subfield code="a">850137799</subfield>
    </datafield>
    <datafield ind1=" " ind2=" " tag="020">
      <subfield code="a">3879948186</subfield>
      <subfield code="c">kart. : DM 21.00</subfield>
      <subfield code="9">3-87994-818-6</subfield>
    </datafield>
    <datafield ind1=" " ind2=" " tag="035">
      <subfield code="a">(DE-599)DNB850137799</subfield>
    </datafield>
    <datafield ind1=" " ind2=" " tag="035">
      <subfield code="a">(OCoLC)720756479</subfield>
    </datafield>
    <datafield ind1=" " ind2=" " tag="040">
      <subfield code="a">1200</subfield>
      <subfield code="b">ger</subfield>
      <subfield code="c">DE-101</subfield>
      <subfield code="d">9999</subfield>
    </datafield>
    <datafield ind1=" " ind2=" " tag="041">
      <subfield code="a">ger</subfield>
    </datafield>
    <datafield ind1=" " ind2=" " tag="044">
      <subfield code="c">XA-DE</subfield>
    </datafield>
    <datafield ind1="7" ind2="4" tag="082">
      <subfield code="q">DE-101</subfield>
      <subfield code="2">22sdnb</subfield>
    </datafield>
    <datafield ind1=" " ind2=" " tag="084">
      <subfield code="a">14</subfield>
      <subfield code="a">44</subfield>
      <subfield code="a">300</subfield>
      <subfield code="a">360</subfield>
      <subfield code="q">DE-101</subfield>
      <subfield code="2">sdnb</subfield>
    </datafield>
    <datafield ind1="1" ind2="0" tag="245">
      <subfield code="a">Urbanism and human values</subfield>
      <subfield code="b">proceedings of the 2. Polish German Symposium on Urban and Regional Sociology, Kazimierz nad Wisla, September 11th - 15th, 1983 ; dedicated to the memory of Aleksander Wallis, 1930 - 1984</subfield>
      <subfield code="c">ed. by Bernd Hamm and Bohdan Jalowiecki. Bundesforschungsanst. für Landeskunde u. Raumordnung</subfield>
    </datafield>
    <datafield ind1="3" ind2=" " tag="260">
      <subfield code="a">Bonn</subfield>
      <subfield code="b">Bundesforschungsanst. für Landeskunde u. Raumordnung</subfield>
      <subfield code="c">1984</subfield>
    </datafield>
    <datafield ind1=" " ind2=" " tag="300">
      <subfield code="a">350 S.</subfield>
      <subfield code="b">graph. Darst.</subfield>
      <subfield code="c">30 cm</subfield>
    </datafield>
    <datafield ind1="1" ind2=" " tag="490">
      <subfield code="a">Seminare, Symposien, Arbeitspapiere / Bundesforschungsanstalt für Landeskunde und Raumordnung</subfield>
      <subfield code="v">H. 15</subfield>
    </datafield>
    <datafield ind1=" " ind2=" " tag="500">
      <subfield code="a">Beitr. teilw. engl., teilw. franz. - Literaturangaben</subfield>
    </datafield>
    <datafield ind1="1" ind2="7" tag="600">
      <subfield code="2">local</subfield>
      <subfield code="a">Wallis, Aleksander</subfield>
    </datafield>
    <datafield ind1=" " ind2="7" tag="650">
      <subfield code="2">local</subfield>
      <subfield code="a">Stadtplanung</subfield>
    </datafield>
    <datafield ind1=" " ind2="7" tag="650">
      <subfield code="2">local</subfield>
      <subfield code="a">Polen</subfield>
    </datafield>
    <datafield ind1=" " ind2="7" tag="650">
      <subfield code="2">local</subfield>
      <subfield code="a">Polen</subfield>
    </datafield>
    <datafield ind1=" " ind2="7" tag="650">
      <subfield code="2">local</subfield>
      <subfield code="a">Lebensqualität</subfield>
    </datafield>
    <datafield ind1=" " ind2="7" tag="650">
      <subfield code="2">local</subfield>
      <subfield code="a">Wert</subfield>
    </datafield>
    <datafield ind1="1" ind2=" " tag="700">
      <subfield code="0">(DE-588)12977829X</subfield>
      <subfield code="0">(DE-101)12977829X</subfield>
      <subfield code="a">Hamm, Bernd</subfield>
      <subfield code="d">1945-</subfield>
      <subfield code="4">edt</subfield>
      <subfield code="e">Hrsg.</subfield>
    </datafield>
    <datafield ind1="1" ind2=" " tag="700">
      <subfield code="0">(DE-588)110612655</subfield>
      <subfield code="0">(DE-101)110612655</subfield>
      <subfield code="a">Wallis, Aleksander</subfield>
      <subfield code="4">hnr</subfield>
      <subfield code="t">Festschrift</subfield>
    </datafield>
    <datafield ind1="2" ind2=" " tag="711">
      <subfield code="0">(DE-588)2080572-X</subfield>
      <subfield code="0">(DE-101)007299680</subfield>
      <subfield code="a">Polish German Symposium on Urban and Regional Sociology</subfield>
      <subfield code="n">2</subfield>
      <subfield code="d">1983</subfield>
      <subfield code="c">Kazimierz Dolny</subfield>
    </datafield>
    <datafield ind1="2" ind2=" " tag="810">
      <subfield code="a">Bundesforschungsanstalt für Landeskunde und Raumordnung</subfield>
      <subfield code="g">Bonn</subfield>
      <subfield code="4">aut</subfield>
      <subfield code="t">Seminare, Symposien, Arbeitspapiere</subfield>
      <subfield code="v">H. 15</subfield>
      <subfield code="w">(DE-101)011419423</subfield>
      <subfield code="w">(DE-600)236864-x</subfield>
      <subfield code="9">215</subfield>
    </datafield>
  </record>