
  <record>
    <leader>01327nam a2200289 c 4500</leader>
    <controlfield tag="001">850666287</controlfield>
    <controlfield tag="003">DE-101</controlfield>
    <controlfield tag="005">20071225215409.0</controlfield>
    <controlfield tag="007">tu</controlfield>
    <controlfield tag="008">850729s1985    gw |||||r|||| 00||||ger  </controlfield>
    <datafield ind1=" " ind2=" " tag="015">
      <subfield code="a">85,B17,0191</subfield>
      <subfield code="2">dnb</subfield>
    </datafield>
    <datafield ind1="7" ind2=" " tag="016">
      <subfield code="2">DE-101</subfield>
      <subfield code="a">850666287</subfield>
    </datafield>
    <datafield ind1=" " ind2=" " tag="020">
      <subfield code="c">geh. (Pr. nicht mitget.)</subfield>
    </datafield>
    <datafield ind1=" " ind2=" " tag="035">
      <subfield code="a">(DE-599)DNB850666287</subfield>
    </datafield>
    <datafield ind1=" " ind2=" " tag="035">
      <subfield code="a">(OCoLC)74700244</subfield>
    </datafield>
    <datafield ind1=" " ind2=" " tag="040">
      <subfield code="a">1200</subfield>
      <subfield code="b">ger</subfield>
      <subfield code="c">DE-101</subfield>
      <subfield code="d">9999</subfield>
    </datafield>
    <datafield ind1=" " ind2=" " tag="041">
      <subfield code="a">ger</subfield>
    </datafield>
    <datafield ind1=" " ind2=" " tag="044">
      <subfield code="c">XA-DE</subfield>
    </datafield>
    <datafield ind1="7" ind2="4" tag="082">
      <subfield code="q">DE-101</subfield>
      <subfield code="2">22sdnb</subfield>
    </datafield>
    <datafield ind1=" " ind2=" " tag="084">
      <subfield code="a">15</subfield>
      <subfield code="a">11</subfield>
      <subfield code="a">27</subfield>
      <subfield code="a">310</subfield>
      <subfield code="q">DE-101</subfield>
      <subfield code="2">sdnb</subfield>
    </datafield>
    <datafield ind1="1" ind2=" " tag="100">
      <subfield code="0">(DE-588)132322870</subfield>
      <subfield code="0">(DE-101)132322870</subfield>
      <subfield code="a">Müller, Hans</subfield>
      <subfield code="d">-2005</subfield>
      <subfield code="4">aut</subfield>
    </datafield>
    <datafield ind1="1" ind2="0" tag="245">
      <subfield code="a">Zur Bestimmung von Konfidenzintervallen für nicht-normierte und normierte "wahre Werte"</subfield>
      <subfield code="c">Hans Müller u. Helfried Moosbrugger. Inst. für Psychologie, Johann-Wolfgang-Goethe-Univ.</subfield>
    </datafield>
    <datafield ind1="3" ind2=" " tag="260">
      <subfield code="a">Frankfurt am Main</subfield>
      <subfield code="b">Inst. für Psychologie</subfield>
      <subfield code="c">1985</subfield>
    </datafield>
    <datafield ind1=" " ind2=" " tag="300">
      <subfield code="a">17, 2 Bl.</subfield>
      <subfield code="c">30 cm</subfield>
    </datafield>
    <datafield ind1="1" ind2=" " tag="490">
      <subfield code="a">Arbeiten aus dem Institut für Psychologie der Johann-Wolfgang-Goethe-Universität Frankfurt am Main</subfield>
      <subfield code="v">1985, H. 1</subfield>
    </datafield>
    <datafield ind1="1" ind2=" " tag="700">
      <subfield code="0">(DE-588)115561382</subfield>
      <subfield code="0">(DE-101)115561382</subfield>
      <subfield code="a">Moosbrugger, Helfried</subfield>
      <subfield code="d">1944-</subfield>
      <subfield code="4">aut</subfield>
    </datafield>
    <datafield ind1="2" ind2=" " tag="810">
      <subfield code="a">Institut für Psychologie</subfield>
      <subfield code="g">Frankfurt, Main</subfield>
      <subfield code="4">aut</subfield>
      <subfield code="t">Arbeiten aus dem Institut für Psychologie der Johann-Wolfgang-Goethe-Universität Frankfurt am Main</subfield>
      <subfield code="v">1985, H. 1</subfield>
      <subfield code="w">(DE-101)01626357X</subfield>
      <subfield code="w">(DE-600)1095961-0</subfield>
      <subfield code="9">41985 11</subfield>
    </datafield>
  </record>