
  <record>
    <leader>01009nam a2200301 c 4500</leader>
    <controlfield tag="001">850715024</controlfield>
    <controlfield tag="003">DE-101</controlfield>
    <controlfield tag="005">20071225221042.0</controlfield>
    <controlfield tag="007">tu</controlfield>
    <controlfield tag="008">850815s1984    gw |||||r|||| 00||||ger  </controlfield>
    <datafield ind1=" " ind2=" " tag="015">
      <subfield code="a">85,B18,0411</subfield>
      <subfield code="2">dnb</subfield>
    </datafield>
    <datafield ind1="7" ind2=" " tag="016">
      <subfield code="2">DE-101</subfield>
      <subfield code="a">850715024</subfield>
    </datafield>
    <datafield ind1=" " ind2=" " tag="020">
      <subfield code="c">geh. (Pr. nicht mitget.)</subfield>
    </datafield>
    <datafield ind1=" " ind2=" " tag="035">
      <subfield code="a">(DE-599)DNB850715024</subfield>
    </datafield>
    <datafield ind1=" " ind2=" " tag="035">
      <subfield code="a">(OCoLC)74702378</subfield>
    </datafield>
    <datafield ind1=" " ind2=" " tag="040">
      <subfield code="a">1200</subfield>
      <subfield code="b">ger</subfield>
      <subfield code="c">DE-101</subfield>
      <subfield code="d">9999</subfield>
    </datafield>
    <datafield ind1=" " ind2=" " tag="041">
      <subfield code="a">ger</subfield>
    </datafield>
    <datafield ind1=" " ind2=" " tag="044">
      <subfield code="c">XA-DE</subfield>
    </datafield>
    <datafield ind1="7" ind2="4" tag="082">
      <subfield code="q">DE-101</subfield>
      <subfield code="2">22sdnb</subfield>
    </datafield>
    <datafield ind1=" " ind2=" " tag="084">
      <subfield code="a">36</subfield>
      <subfield code="a">620</subfield>
      <subfield code="a">670</subfield>
      <subfield code="q">DE-101</subfield>
      <subfield code="2">sdnb</subfield>
    </datafield>
    <datafield ind1="1" ind2=" " tag="100">
      <subfield code="0">(DE-588)110975200</subfield>
      <subfield code="0">(DE-101)110975200</subfield>
      <subfield code="a">Buck, Dietrich</subfield>
      <subfield code="4">aut</subfield>
    </datafield>
    <datafield ind1="1" ind2="0" tag="245">
      <subfield code="a">Der Abgaskatalysator, Aufbau, Funktion und Wirkung</subfield>
      <subfield code="c">Dietrich Buck</subfield>
    </datafield>
    <datafield ind1=" " ind2=" " tag="250">
      <subfield code="a">1. Aufl.</subfield>
    </datafield>
    <datafield ind1=" " ind2=" " tag="259">
      <subfield code="a">11</subfield>
    </datafield>
    <datafield ind1="3" ind2=" " tag="260">
      <subfield code="a">Rüsselsheim</subfield>
      <subfield code="b">Adam-Opel-Aktienges., PR-Programme</subfield>
      <subfield code="c">1984</subfield>
    </datafield>
    <datafield ind1=" " ind2=" " tag="300">
      <subfield code="a">32 S.</subfield>
      <subfield code="b">24 Ill. u. graph. Darst.</subfield>
      <subfield code="c">21 cm</subfield>
    </datafield>
    <datafield ind1="1" ind2=" " tag="490">
      <subfield code="a">Schriftenreihe der Adam-Opel-AG</subfield>
      <subfield code="v">42</subfield>
    </datafield>
    <datafield ind1="2" ind2=" " tag="810">
      <subfield code="a">Adam Opel Aktiengesellschaft</subfield>
      <subfield code="4">aut</subfield>
      <subfield code="t">Schriftenreihe der Adam-Opel-AG</subfield>
      <subfield code="v">42</subfield>
      <subfield code="w">(DE-101)011072849</subfield>
      <subfield code="w">(DE-600)192727-9</subfield>
      <subfield code="9">242</subfield>
    </datafield>
  </record>