
  <record>
    <leader>02129pam a2200481 c 4500</leader>
    <controlfield tag="001">850785413</controlfield>
    <controlfield tag="003">DE-101</controlfield>
    <controlfield tag="005">20071225223045.0</controlfield>
    <controlfield tag="007">tu</controlfield>
    <controlfield tag="008">860609s1985    gw |||||r|||| 00||||ger  </controlfield>
    <datafield ind1=" " ind2=" " tag="015">
      <subfield code="a">86,A26,0223</subfield>
      <subfield code="z">85,N38,0166</subfield>
      <subfield code="2">dnb</subfield>
    </datafield>
    <datafield ind1="7" ind2=" " tag="016">
      <subfield code="2">DE-101</subfield>
      <subfield code="a">850785413</subfield>
    </datafield>
    <datafield ind1=" " ind2=" " tag="020">
      <subfield code="a">387831423X</subfield>
      <subfield code="c">kart. : DM 29.80</subfield>
      <subfield code="9">3-87831-423-X</subfield>
    </datafield>
    <datafield ind1=" " ind2=" " tag="035">
      <subfield code="a">(DE-599)DNB850785413</subfield>
    </datafield>
    <datafield ind1=" " ind2=" " tag="035">
      <subfield code="a">(OCoLC)241701065</subfield>
    </datafield>
    <datafield ind1=" " ind2=" " tag="040">
      <subfield code="a">1200</subfield>
      <subfield code="b">ger</subfield>
      <subfield code="c">DE-101</subfield>
      <subfield code="d">9999</subfield>
    </datafield>
    <datafield ind1=" " ind2=" " tag="041">
      <subfield code="a">ger</subfield>
    </datafield>
    <datafield ind1=" " ind2=" " tag="043">
      <subfield code="c">XA-DE</subfield>
    </datafield>
    <datafield ind1=" " ind2=" " tag="044">
      <subfield code="c">XA-DE</subfield>
    </datafield>
    <datafield ind1="7" ind2="4" tag="082">
      <subfield code="q">DE-101</subfield>
      <subfield code="2">22sdnb</subfield>
    </datafield>
    <datafield ind1=" " ind2=" " tag="084">
      <subfield code="a">17</subfield>
      <subfield code="a">18</subfield>
      <subfield code="a">14</subfield>
      <subfield code="a">330</subfield>
      <subfield code="a">380</subfield>
      <subfield code="a">650</subfield>
      <subfield code="a">670</subfield>
      <subfield code="q">DE-101</subfield>
      <subfield code="2">sdnb</subfield>
    </datafield>
    <datafield ind1=" " ind2=" " tag="084">
      <subfield code="a">6.1a</subfield>
      <subfield code="a">9.3e</subfield>
      <subfield code="q">DE-101</subfield>
      <subfield code="2">sswd</subfield>
    </datafield>
    <datafield ind1="1" ind2="0" tag="245">
      <subfield code="a">Gewandelte Werte - erstarrte Strukturen</subfield>
      <subfield code="b">wie d. Bürger Wirtschaft u. Arbeit erleben</subfield>
      <subfield code="c">[Forschungsinst. d. Friedrich-Ebert-Stiftung]. Michael von Klipstein ; Burkhard Strümpel (Hg.)</subfield>
    </datafield>
    <datafield ind1="3" ind2=" " tag="260">
      <subfield code="a">Bonn</subfield>
      <subfield code="b">Verlag Neue Gesellschaft</subfield>
      <subfield code="c">1985</subfield>
    </datafield>
    <datafield ind1=" " ind2=" " tag="300">
      <subfield code="a">IX, 329 S.</subfield>
      <subfield code="b">Ill., graph. Darst.</subfield>
      <subfield code="c">21 cm</subfield>
    </datafield>
    <datafield ind1="1" ind2=" " tag="490">
      <subfield code="a">Wirtschaft und Beschäftigung</subfield>
      <subfield code="v">Bd. 3</subfield>
    </datafield>
    <datafield ind1=" " ind2=" " tag="500">
      <subfield code="a">Literaturverz. S. 323 - 328</subfield>
    </datafield>
    <datafield ind1=" " ind2="7" tag="650">
      <subfield code="0">(DE-588)4066399-1</subfield>
      <subfield code="0">(DE-101)04066399X</subfield>
      <subfield code="a">Wirtschaft</subfield>
      <subfield code="2">gnd</subfield>
    </datafield>
    <datafield ind1=" " ind2="7" tag="650">
      <subfield code="0">(DE-588)4117636-4</subfield>
      <subfield code="0">(DE-101)041176367</subfield>
      <subfield code="a">Wertwandel</subfield>
      <subfield code="2">gnd</subfield>
    </datafield>
    <datafield ind1=" " ind2="7" tag="650">
      <subfield code="0">(DE-588)4020630-0</subfield>
      <subfield code="0">(DE-101)040206300</subfield>
      <subfield code="a">Gesellschaftliches Bewusstsein</subfield>
      <subfield code="2">gnd</subfield>
    </datafield>
    <datafield ind1=" " ind2="7" tag="650">
      <subfield code="2">local</subfield>
      <subfield code="a">Arbeit</subfield>
    </datafield>
    <datafield ind1=" " ind2="7" tag="650">
      <subfield code="2">local</subfield>
      <subfield code="a">Wirtschaft</subfield>
    </datafield>
    <datafield ind1=" " ind2="7" tag="650">
      <subfield code="2">local</subfield>
      <subfield code="a">Einstellung (Psychologie)</subfield>
    </datafield>
    <datafield ind1=" " ind2="7" tag="650">
      <subfield code="2">local</subfield>
      <subfield code="a">Empirische Sozialforschung</subfield>
    </datafield>
    <datafield ind1=" " ind2="7" tag="651">
      <subfield code="0">(DE-588)4011889-7</subfield>
      <subfield code="0">(DE-101)040118894</subfield>
      <subfield code="a">Deutschland</subfield>
      <subfield code="9">g:Bundesrepublik</subfield>
      <subfield code="2">gnd</subfield>
    </datafield>
    <datafield ind1="0" ind2="0" tag="689">
      <subfield code="0">(DE-588)4011889-7</subfield>
      <subfield code="0">(DE-101)040118894</subfield>
      <subfield code="D">g</subfield>
      <subfield code="a">Deutschland</subfield>
      <subfield code="9">g:Bundesrepublik</subfield>
    </datafield>
    <datafield ind1="0" ind2="1" tag="689">
      <subfield code="0">(DE-588)4066399-1</subfield>
      <subfield code="0">(DE-101)04066399X</subfield>
      <subfield code="D">s</subfield>
      <subfield code="a">Wirtschaft</subfield>
    </datafield>
    <datafield ind1="0" ind2="2" tag="689">
      <subfield code="0">(DE-588)4117636-4</subfield>
      <subfield code="0">(DE-101)041176367</subfield>
      <subfield code="D">s</subfield>
      <subfield code="a">Wertwandel</subfield>
    </datafield>
    <datafield ind1="0" ind2="3" tag="689">
      <subfield code="0">(DE-588)4020630-0</subfield>
      <subfield code="0">(DE-101)040206300</subfield>
      <subfield code="D">s</subfield>
      <subfield code="a">Gesellschaftliches Bewusstsein</subfield>
    </datafield>
    <datafield ind1="0" ind2=" " tag="689">
      <subfield code="5">DE-101</subfield>
      <subfield code="5">DE-101</subfield>
    </datafield>
    <datafield ind1="1" ind2=" " tag="700">
      <subfield code="0">(DE-588)110098544</subfield>
      <subfield code="0">(DE-101)110098544</subfield>
      <subfield code="a">Klipstein, Michael von</subfield>
      <subfield code="4">edt</subfield>
      <subfield code="e">Hrsg.</subfield>
    </datafield>
    <datafield ind1="2" ind2=" " tag="710">
      <subfield code="0">(DE-588)2011068-6</subfield>
      <subfield code="0">(DE-101)004705386</subfield>
      <subfield code="a">Friedrich-Ebert-Stiftung</subfield>
      <subfield code="b">Forschungsinstitut</subfield>
    </datafield>
    <datafield ind1=" " ind2="0" tag="830">
      <subfield code="a">Wirtschaft und Beschäftigung</subfield>
      <subfield code="v">Bd. 3</subfield>
      <subfield code="w">(DE-101)016460189</subfield>
      <subfield code="w">(DE-600)1116448-7</subfield>
      <subfield code="9">13</subfield>
    </datafield>
  </record>