
  <record>
    <leader>00938pam a2200253 c 4500</leader>
    <controlfield tag="001">860216020</controlfield>
    <controlfield tag="003">DE-101</controlfield>
    <controlfield tag="005">20071229151048.0</controlfield>
    <controlfield tag="007">tu</controlfield>
    <controlfield tag="008">870116s1986    gw |||||r|||| 00||||ger  </controlfield>
    <datafield ind1=" " ind2=" " tag="015">
      <subfield code="a">87,A06,0980</subfield>
      <subfield code="z">86,N09,0389</subfield>
      <subfield code="2">dnb</subfield>
    </datafield>
    <datafield ind1="7" ind2=" " tag="016">
      <subfield code="2">DE-101</subfield>
      <subfield code="a">860216020</subfield>
    </datafield>
    <datafield ind1=" " ind2=" " tag="020">
      <subfield code="a">382181814X</subfield>
      <subfield code="c">kart. : DM 10.00</subfield>
      <subfield code="9">3-8218-1814-X</subfield>
    </datafield>
    <datafield ind1=" " ind2=" " tag="035">
      <subfield code="a">(DE-599)DNB860216020</subfield>
    </datafield>
    <datafield ind1=" " ind2=" " tag="035">
      <subfield code="a">(OCoLC)74743392</subfield>
    </datafield>
    <datafield ind1=" " ind2=" " tag="040">
      <subfield code="a">1200</subfield>
      <subfield code="b">ger</subfield>
      <subfield code="c">DE-101</subfield>
      <subfield code="d">9999</subfield>
    </datafield>
    <datafield ind1=" " ind2=" " tag="041">
      <subfield code="a">ger</subfield>
    </datafield>
    <datafield ind1=" " ind2=" " tag="044">
      <subfield code="c">XA-DE</subfield>
    </datafield>
    <datafield ind1="7" ind2="4" tag="082">
      <subfield code="q">DE-101</subfield>
      <subfield code="2">22sdnb</subfield>
    </datafield>
    <datafield ind1=" " ind2=" " tag="084">
      <subfield code="a">59</subfield>
      <subfield code="a">810</subfield>
      <subfield code="a">820</subfield>
      <subfield code="a">830</subfield>
      <subfield code="a">839</subfield>
      <subfield code="a">840</subfield>
      <subfield code="a">850</subfield>
      <subfield code="a">860</subfield>
      <subfield code="a">870</subfield>
      <subfield code="a">880</subfield>
      <subfield code="a">890</subfield>
      <subfield code="a">B</subfield>
      <subfield code="q">DE-101</subfield>
      <subfield code="2">sdnb</subfield>
    </datafield>
    <datafield ind1="1" ind2=" " tag="100">
      <subfield code="0">(DE-588)128609060</subfield>
      <subfield code="0">(DE-101)128609060</subfield>
      <subfield code="a">Bauer, Gerd</subfield>
      <subfield code="d">1957-</subfield>
      <subfield code="4">aut</subfield>
    </datafield>
    <datafield ind1="1" ind2="0" tag="245">
      <subfield code="a">Im Taumel der Triebe</subfield>
      <subfield code="b">d. Kinder d. Liebe ; d. Wege d. Droge ; d. Wirtschaft d. Werte ; vom Speisen u. Reisen ; im Taumel d. Thesen ; d. Dünste d. Künste</subfield>
      <subfield code="c">Gerd Bauer</subfield>
    </datafield>
    <datafield ind1="3" ind2=" " tag="260">
      <subfield code="a">Frankfurt am Main</subfield>
      <subfield code="b">Eichborn-Verlag</subfield>
      <subfield code="c">1986</subfield>
    </datafield>
    <datafield ind1=" " ind2=" " tag="300">
      <subfield code="a">[80] S.</subfield>
      <subfield code="b">überw. Ill.</subfield>
      <subfield code="c">22 cm</subfield>
    </datafield>
  </record>