
  <record>
    <leader>02320nam a2200505 c 4500</leader>
    <controlfield tag="001">860962873</controlfield>
    <controlfield tag="003">DE-101</controlfield>
    <controlfield tag="005">20120425140248.0</controlfield>
    <controlfield tag="007">tu</controlfield>
    <controlfield tag="008">861007s1986    xx |||||r|||| 00||||ger  </controlfield>
    <datafield ind1=" " ind2=" " tag="015">
      <subfield code="a">86,A42,0374</subfield>
      <subfield code="2">dnb</subfield>
    </datafield>
    <datafield ind1="7" ind2=" " tag="016">
      <subfield code="2">DE-101</subfield>
      <subfield code="a">860962873</subfield>
    </datafield>
    <datafield ind1=" " ind2=" " tag="020">
      <subfield code="a">3320007289</subfield>
      <subfield code="c">kart. : M 8.50</subfield>
      <subfield code="9">3-320-00728-9</subfield>
    </datafield>
    <datafield ind1=" " ind2=" " tag="035">
      <subfield code="a">(DE-599)DNB860962873</subfield>
    </datafield>
    <datafield ind1=" " ind2=" " tag="035">
      <subfield code="a">(OCoLC)246672111</subfield>
    </datafield>
    <datafield ind1=" " ind2=" " tag="040">
      <subfield code="a">1200</subfield>
      <subfield code="b">ger</subfield>
      <subfield code="c">DE-101</subfield>
      <subfield code="d">0101</subfield>
    </datafield>
    <datafield ind1=" " ind2=" " tag="041">
      <subfield code="a">ger</subfield>
    </datafield>
    <datafield ind1=" " ind2=" " tag="043">
      <subfield code="c">XA-DDDE</subfield>
    </datafield>
    <datafield ind1=" " ind2=" " tag="044">
      <subfield code="c">XA-DDDE</subfield>
    </datafield>
    <datafield ind1="7" ind2="4" tag="082">
      <subfield code="q">DE-101</subfield>
      <subfield code="2">22sdnb</subfield>
    </datafield>
    <datafield ind1=" " ind2=" " tag="084">
      <subfield code="a">18</subfield>
      <subfield code="a">14</subfield>
      <subfield code="a">17</subfield>
      <subfield code="a">300</subfield>
      <subfield code="a">330</subfield>
      <subfield code="q">DE-101</subfield>
      <subfield code="2">sdnb</subfield>
    </datafield>
    <datafield ind1=" " ind2=" " tag="084">
      <subfield code="a">10.12a</subfield>
      <subfield code="a">9.4a</subfield>
      <subfield code="a">5.3</subfield>
      <subfield code="a">9.3d</subfield>
      <subfield code="q">DE-101</subfield>
      <subfield code="2">sswd</subfield>
    </datafield>
    <datafield ind1="1" ind2="0" tag="245">
      <subfield code="a">Arbeit, Leistung, Persönlichkeit</subfield>
      <subfield code="b">zur Entwicklung d. Leistungsverhaltens in d. sozialist. Industrie</subfield>
      <subfield code="c">[Akad. für Gesellschaftswiss. beim Zentralkomitee d. SED, Inst. für Marxist.-Leninist. Soziologie.] Autorenkollektiv unter d. Leitung von Albrecht Kretzschmar. [Autoren: Frank Adler ...]</subfield>
    </datafield>
    <datafield ind1="3" ind2=" " tag="260">
      <subfield code="a">Berlin</subfield>
      <subfield code="b">Dietz</subfield>
      <subfield code="c">1986</subfield>
    </datafield>
    <datafield ind1=" " ind2=" " tag="300">
      <subfield code="a">252 S.</subfield>
      <subfield code="c">20 cm</subfield>
    </datafield>
    <datafield ind1=" " ind2="7" tag="650">
      <subfield code="0">(DE-588)4055785-6</subfield>
      <subfield code="0">(DE-101)040557855</subfield>
      <subfield code="a">Sozialismus</subfield>
      <subfield code="2">gnd</subfield>
    </datafield>
    <datafield ind1=" " ind2="7" tag="650">
      <subfield code="0">(DE-588)4026779-9</subfield>
      <subfield code="0">(DE-101)040267792</subfield>
      <subfield code="a">Industrie</subfield>
      <subfield code="2">gnd</subfield>
    </datafield>
    <datafield ind1=" " ind2="7" tag="650">
      <subfield code="0">(DE-588)4002719-3</subfield>
      <subfield code="0">(DE-101)040027198</subfield>
      <subfield code="a">Arbeitsleistung</subfield>
      <subfield code="2">gnd</subfield>
    </datafield>
    <datafield ind1=" " ind2="7" tag="650">
      <subfield code="0">(DE-588)4114395-4</subfield>
      <subfield code="0">(DE-101)041143957</subfield>
      <subfield code="a">Leistungsmotivation</subfield>
      <subfield code="2">gnd</subfield>
    </datafield>
    <datafield ind1=" " ind2="7" tag="650">
      <subfield code="2">local</subfield>
      <subfield code="a">Intensivierung</subfield>
    </datafield>
    <datafield ind1=" " ind2="7" tag="650">
      <subfield code="2">local</subfield>
      <subfield code="a">Leistungsmotivation</subfield>
    </datafield>
    <datafield ind1=" " ind2="7" tag="650">
      <subfield code="2">local</subfield>
      <subfield code="a">Arbeitsleistung</subfield>
    </datafield>
    <datafield ind1=" " ind2="7" tag="650">
      <subfield code="2">local</subfield>
      <subfield code="a">Persönlichkeit</subfield>
    </datafield>
    <datafield ind1=" " ind2="7" tag="651">
      <subfield code="0">(DE-588)4011890-3</subfield>
      <subfield code="0">(DE-101)040118908</subfield>
      <subfield code="a">Deutschland</subfield>
      <subfield code="9">g:DDR</subfield>
      <subfield code="2">gnd</subfield>
    </datafield>
    <datafield ind1=" " ind2="7" tag="655">
      <subfield code="a">Aufsatzsammlung</subfield>
      <subfield code="2">gnd</subfield>
    </datafield>
    <datafield ind1="0" ind2="0" tag="689">
      <subfield code="0">(DE-588)4011890-3</subfield>
      <subfield code="0">(DE-101)040118908</subfield>
      <subfield code="D">g</subfield>
      <subfield code="a">Deutschland</subfield>
      <subfield code="9">g:DDR</subfield>
    </datafield>
    <datafield ind1="0" ind2="1" tag="689">
      <subfield code="0">(DE-588)4055785-6</subfield>
      <subfield code="0">(DE-101)040557855</subfield>
      <subfield code="D">s</subfield>
      <subfield code="a">Sozialismus</subfield>
    </datafield>
    <datafield ind1="0" ind2="2" tag="689">
      <subfield code="0">(DE-588)4026779-9</subfield>
      <subfield code="0">(DE-101)040267792</subfield>
      <subfield code="D">s</subfield>
      <subfield code="a">Industrie</subfield>
    </datafield>
    <datafield ind1="0" ind2="3" tag="689">
      <subfield code="0">(DE-588)4002719-3</subfield>
      <subfield code="0">(DE-101)040027198</subfield>
      <subfield code="D">s</subfield>
      <subfield code="a">Arbeitsleistung</subfield>
    </datafield>
    <datafield ind1="0" ind2="4" tag="689">
      <subfield code="0">(DE-588)4114395-4</subfield>
      <subfield code="0">(DE-101)041143957</subfield>
      <subfield code="D">s</subfield>
      <subfield code="a">Leistungsmotivation</subfield>
    </datafield>
    <datafield ind1="0" ind2="5" tag="689">
      <subfield code="A">f</subfield>
      <subfield code="a">Aufsatzsammlung</subfield>
    </datafield>
    <datafield ind1="0" ind2=" " tag="689">
      <subfield code="5">DE-101</subfield>
      <subfield code="5">DE-101</subfield>
    </datafield>
    <datafield ind1="1" ind2=" " tag="700">
      <subfield code="0">(DE-588)108787702</subfield>
      <subfield code="0">(DE-101)108787702</subfield>
      <subfield code="a">Kretzschmar, Albrecht</subfield>
      <subfield code="4">edt</subfield>
      <subfield code="e">Hrsg.</subfield>
    </datafield>
    <datafield ind1="2" ind2=" " tag="710">
      <subfield code="0">(DE-588)2061861-X</subfield>
      <subfield code="0">(DE-101)007131852</subfield>
      <subfield code="a">Institut für Marxistisch-Leninistische Soziologie</subfield>
      <subfield code="g">Berlin, Ost, Akademie für Gesellschaftswissenschaften</subfield>
    </datafield>
    <datafield ind1="4" ind2="2" tag="856">
      <subfield code="m">B:DE-101</subfield>
      <subfield code="q">application/pdf</subfield>
      <subfield code="u">http://d-nb.info/860962873/04</subfield>
      <subfield code="3">Inhaltsverzeichnis</subfield>
    </datafield>
  </record>