
  <record>
    <leader>01224pam a2200337 c 4500</leader>
    <controlfield tag="001">861207661</controlfield>
    <controlfield tag="003">DE-101</controlfield>
    <controlfield tag="005">20080913052008.0</controlfield>
    <controlfield tag="007">tu</controlfield>
    <controlfield tag="008">871013s1986    gw |||||r|||| 00||||ger  </controlfield>
    <datafield ind1=" " ind2=" " tag="015">
      <subfield code="a">87,A44,0156</subfield>
      <subfield code="z">86,N50,0023</subfield>
      <subfield code="2">dnb</subfield>
    </datafield>
    <datafield ind1="7" ind2=" " tag="016">
      <subfield code="2">DE-101</subfield>
      <subfield code="a">861207661</subfield>
    </datafield>
    <datafield ind1=" " ind2=" " tag="020">
      <subfield code="a">3597300529</subfield>
      <subfield code="c">geh. : DM 9.80</subfield>
      <subfield code="9">3-597-30052-9</subfield>
    </datafield>
    <datafield ind1=" " ind2=" " tag="035">
      <subfield code="a">(DE-599)DNB861207661</subfield>
    </datafield>
    <datafield ind1=" " ind2=" " tag="035">
      <subfield code="a">(OCoLC)64513850</subfield>
    </datafield>
    <datafield ind1=" " ind2=" " tag="040">
      <subfield code="a">1200</subfield>
      <subfield code="b">ger</subfield>
      <subfield code="c">DE-101</subfield>
      <subfield code="d">9999</subfield>
    </datafield>
    <datafield ind1=" " ind2=" " tag="041">
      <subfield code="a">ger</subfield>
    </datafield>
    <datafield ind1=" " ind2=" " tag="044">
      <subfield code="c">XA-DE</subfield>
    </datafield>
    <datafield ind1="7" ind2="4" tag="082">
      <subfield code="q">DE-101</subfield>
      <subfield code="2">22sdnb</subfield>
    </datafield>
    <datafield ind1=" " ind2=" " tag="084">
      <subfield code="a">11</subfield>
      <subfield code="a">150</subfield>
      <subfield code="q">DE-101</subfield>
      <subfield code="2">sdnb</subfield>
    </datafield>
    <datafield ind1=" " ind2=" " tag="084">
      <subfield code="a">5.1a</subfield>
      <subfield code="q">DE-101</subfield>
      <subfield code="2">sswd</subfield>
    </datafield>
    <datafield ind1="1" ind2=" " tag="100">
      <subfield code="0">(DE-588)108537498</subfield>
      <subfield code="0">(DE-101)108537498</subfield>
      <subfield code="a">Plaum, Ernst</subfield>
      <subfield code="4">aut</subfield>
    </datafield>
    <datafield ind1="1" ind2="0" tag="245">
      <subfield code="a">Psychologie der Werte - antiquiert oder aktuell?</subfield>
      <subfield code="b">Beitr. zur Entwicklung e. objektiven Hierarchie d. Zielvorstellungen u. Sinnbezüge</subfield>
      <subfield code="c">Ernst Plaum</subfield>
    </datafield>
    <datafield ind1="3" ind2=" " tag="260">
      <subfield code="a">München</subfield>
      <subfield code="b">Minerva-Publ.</subfield>
      <subfield code="c">1986</subfield>
    </datafield>
    <datafield ind1=" " ind2=" " tag="300">
      <subfield code="a">29 S.</subfield>
      <subfield code="c">24 cm</subfield>
    </datafield>
    <datafield ind1="1" ind2=" " tag="490">
      <subfield code="a">Eichstätter Hochschulreden</subfield>
      <subfield code="v">Nr. 52</subfield>
    </datafield>
    <datafield ind1=" " ind2="7" tag="650">
      <subfield code="0">(DE-588)4189712-2</subfield>
      <subfield code="0">(DE-101)041897129</subfield>
      <subfield code="a">Wertpsychologie</subfield>
      <subfield code="2">gnd</subfield>
    </datafield>
    <datafield ind1=" " ind2="7" tag="650">
      <subfield code="2">local</subfield>
      <subfield code="a">Wert</subfield>
    </datafield>
    <datafield ind1="0" ind2="0" tag="689">
      <subfield code="0">(DE-588)4189712-2</subfield>
      <subfield code="0">(DE-101)041897129</subfield>
      <subfield code="D">s</subfield>
      <subfield code="a">Wertpsychologie</subfield>
    </datafield>
    <datafield ind1="0" ind2=" " tag="689">
      <subfield code="5">DE-101</subfield>
      <subfield code="5">DE-101</subfield>
    </datafield>
    <datafield ind1=" " ind2="0" tag="830">
      <subfield code="a">Eichstätter Hochschulreden</subfield>
      <subfield code="v">Nr. 52</subfield>
      <subfield code="w">(DE-101)013032127</subfield>
      <subfield code="w">(DE-600)550988-9</subfield>
      <subfield code="9">252</subfield>
    </datafield>
  </record>