
  <record>
    <leader>00942nam a2200277 c 4500</leader>
    <controlfield tag="001">861225910</controlfield>
    <controlfield tag="003">DE-101</controlfield>
    <controlfield tag="005">20071229170712.0</controlfield>
    <controlfield tag="007">tu</controlfield>
    <controlfield tag="008">861201s1984    gw |||||r|||| 00||||ger  </controlfield>
    <datafield ind1=" " ind2=" " tag="015">
      <subfield code="a">86,A51,0082</subfield>
      <subfield code="2">dnb</subfield>
    </datafield>
    <datafield ind1="7" ind2=" " tag="016">
      <subfield code="2">DE-101</subfield>
      <subfield code="a">861225910</subfield>
    </datafield>
    <datafield ind1=" " ind2=" " tag="020">
      <subfield code="a">3505084913</subfield>
      <subfield code="c">Pp. : DM 8.95</subfield>
      <subfield code="9">3-505-08491-3</subfield>
    </datafield>
    <datafield ind1=" " ind2=" " tag="035">
      <subfield code="a">(DE-599)DNB861225910</subfield>
    </datafield>
    <datafield ind1=" " ind2=" " tag="035">
      <subfield code="a">(OCoLC)643762930</subfield>
    </datafield>
    <datafield ind1=" " ind2=" " tag="040">
      <subfield code="a">1200</subfield>
      <subfield code="b">ger</subfield>
      <subfield code="c">DE-101</subfield>
      <subfield code="d">9999</subfield>
    </datafield>
    <datafield ind1=" " ind2=" " tag="041">
      <subfield code="a">ger</subfield>
    </datafield>
    <datafield ind1=" " ind2=" " tag="044">
      <subfield code="c">XA-DE</subfield>
    </datafield>
    <datafield ind1="7" ind2="4" tag="082">
      <subfield code="q">DE-101</subfield>
      <subfield code="2">22sdnb</subfield>
    </datafield>
    <datafield ind1=" " ind2=" " tag="084">
      <subfield code="a">07</subfield>
      <subfield code="a">K</subfield>
      <subfield code="q">DE-101</subfield>
      <subfield code="2">sdnb</subfield>
    </datafield>
    <datafield ind1="1" ind2=" " tag="100">
      <subfield code="0">(DE-588)118528068</subfield>
      <subfield code="0">(DE-101)118528068</subfield>
      <subfield code="a">Dumas, Alexandre</subfield>
      <subfield code="d">1802-1870</subfield>
      <subfield code="4">aut</subfield>
    </datafield>
    <datafield ind1="1" ind2="0" tag="245">
      <subfield code="a">Die drei Musketiere</subfield>
      <subfield code="c">Alexandre Dumas. Dt. Bearb. von Manfred Böckl</subfield>
    </datafield>
    <datafield ind1="3" ind2=" " tag="260">
      <subfield code="a">München</subfield>
      <subfield code="a">Wien</subfield>
      <subfield code="a">Hollywood/Florida</subfield>
      <subfield code="b">F. Schneider</subfield>
      <subfield code="c">1984, c 1984</subfield>
    </datafield>
    <datafield ind1=" " ind2=" " tag="300">
      <subfield code="a">214 S.</subfield>
      <subfield code="b">Ill.</subfield>
      <subfield code="c">19 cm</subfield>
    </datafield>
    <datafield ind1="1" ind2=" " tag="700">
      <subfield code="0">(DE-588)115359052</subfield>
      <subfield code="0">(DE-101)115359052</subfield>
      <subfield code="a">Böckl, Manfred</subfield>
      <subfield code="d">1948-</subfield>
      <subfield code="4">edt</subfield>
      <subfield code="e">Bearb.</subfield>
    </datafield>
    <datafield ind1="0" ind2=" " tag="730">
      <subfield code="a">Les trois mousquetaires</subfield>
      <subfield code="g">dt.</subfield>
    </datafield>
  </record>