
  <record>
    <leader>01166nam a2200289 c 4500</leader>
    <controlfield tag="001">870306715</controlfield>
    <controlfield tag="003">DE-101</controlfield>
    <controlfield tag="005">20071229174914.0</controlfield>
    <controlfield tag="007">tu</controlfield>
    <controlfield tag="008">870302s1986    gw |||||r|||| 00||||ger  </controlfield>
    <datafield ind1=" " ind2=" " tag="015">
      <subfield code="a">87,B12,0059</subfield>
      <subfield code="2">dnb</subfield>
    </datafield>
    <datafield ind1="7" ind2=" " tag="016">
      <subfield code="2">DE-101</subfield>
      <subfield code="a">870306715</subfield>
    </datafield>
    <datafield ind1=" " ind2=" " tag="020">
      <subfield code="c">kart. : DM 10.00</subfield>
    </datafield>
    <datafield ind1=" " ind2=" " tag="035">
      <subfield code="a">(DE-599)DNB870306715</subfield>
    </datafield>
    <datafield ind1=" " ind2=" " tag="035">
      <subfield code="a">(OCoLC)74805866</subfield>
    </datafield>
    <datafield ind1=" " ind2=" " tag="040">
      <subfield code="a">1200</subfield>
      <subfield code="b">ger</subfield>
      <subfield code="c">DE-101</subfield>
      <subfield code="d">9999</subfield>
    </datafield>
    <datafield ind1=" " ind2=" " tag="041">
      <subfield code="a">ger</subfield>
    </datafield>
    <datafield ind1=" " ind2=" " tag="044">
      <subfield code="c">XA-DE</subfield>
    </datafield>
    <datafield ind1="7" ind2="4" tag="082">
      <subfield code="q">DE-101</subfield>
      <subfield code="2">22sdnb</subfield>
    </datafield>
    <datafield ind1=" " ind2=" " tag="084">
      <subfield code="a">11</subfield>
      <subfield code="a">150</subfield>
      <subfield code="q">DE-101</subfield>
      <subfield code="2">sdnb</subfield>
    </datafield>
    <datafield ind1="1" ind2="0" tag="245">
      <subfield code="a">Skalen zur Befindlichkeit und Persönlichkeit</subfield>
      <subfield code="c">Inst. für Psychologie, Pädag. Psychologie, Freie Univ. Berlin. Ralf Schwarzer Hrsg.</subfield>
    </datafield>
    <datafield ind1="3" ind2=" " tag="260">
      <subfield code="a">Berlin</subfield>
      <subfield code="b">Inst. für Psychologie, Pädag. Psychologie</subfield>
      <subfield code="c">1986</subfield>
    </datafield>
    <datafield ind1=" " ind2=" " tag="300">
      <subfield code="a">251 S.</subfield>
      <subfield code="b">Ill.</subfield>
      <subfield code="c">21 cm</subfield>
    </datafield>
    <datafield ind1="1" ind2=" " tag="490">
      <subfield code="a">Forschungsbericht / Institut für Psychologie, Pädagogische Psychologie, Freie Universität Berlin</subfield>
      <subfield code="v">5</subfield>
    </datafield>
    <datafield ind1=" " ind2=" " tag="500">
      <subfield code="a">Literaturangaben</subfield>
    </datafield>
    <datafield ind1="1" ind2=" " tag="700">
      <subfield code="0">(DE-588)107872323</subfield>
      <subfield code="0">(DE-101)107872323</subfield>
      <subfield code="a">Schwarzer, Ralf</subfield>
      <subfield code="d">1943-</subfield>
      <subfield code="4">edt</subfield>
      <subfield code="e">Hrsg.</subfield>
    </datafield>
    <datafield ind1="2" ind2=" " tag="810">
      <subfield code="a">Institut für Psychologie</subfield>
      <subfield code="g">Universität Berlin, Freie Universität</subfield>
      <subfield code="b">Abteilung Pädagogische Psychologie</subfield>
      <subfield code="4">aut</subfield>
      <subfield code="t">Forschungsbericht</subfield>
      <subfield code="v">5</subfield>
      <subfield code="w">(DE-101)551244844</subfield>
      <subfield code="9">15</subfield>
    </datafield>
  </record>