
  <record>
    <leader>01689nam a2200421 c 4500</leader>
    <controlfield tag="001">870672525</controlfield>
    <controlfield tag="003">DE-101</controlfield>
    <controlfield tag="005">20120627101750.0</controlfield>
    <controlfield tag="007">tu</controlfield>
    <controlfield tag="008">870518s1987    gw |||||r|||| 01||||eng  </controlfield>
    <datafield ind1=" " ind2=" " tag="015">
      <subfield code="a">87,A23,0170</subfield>
      <subfield code="2">dnb</subfield>
    </datafield>
    <datafield ind1="7" ind2=" " tag="016">
      <subfield code="2">DE-101</subfield>
      <subfield code="a">870672525</subfield>
    </datafield>
    <datafield ind1=" " ind2=" " tag="020">
      <subfield code="a">3540964851 (Berlin ...)</subfield>
      <subfield code="c"> flexibler Kunststoffeinband : DM 65.00</subfield>
      <subfield code="9">3-540-96485-1</subfield>
    </datafield>
    <datafield ind1=" " ind2=" " tag="020">
      <subfield code="a">0387964851 (New York ...)</subfield>
      <subfield code="c"> flexibler Kunststoffeinband</subfield>
      <subfield code="9">0-387-96485-1</subfield>
    </datafield>
    <datafield ind1=" " ind2=" " tag="035">
      <subfield code="a">(DE-599)DNB870672525</subfield>
    </datafield>
    <datafield ind1=" " ind2=" " tag="035">
      <subfield code="a">(OCoLC)242211509</subfield>
    </datafield>
    <datafield ind1=" " ind2=" " tag="040">
      <subfield code="a">1200</subfield>
      <subfield code="b">ger</subfield>
      <subfield code="c">DE-101</subfield>
      <subfield code="d">0101</subfield>
    </datafield>
    <datafield ind1=" " ind2=" " tag="041">
      <subfield code="a">eng</subfield>
    </datafield>
    <datafield ind1=" " ind2=" " tag="044">
      <subfield code="c">XA-DE</subfield>
    </datafield>
    <datafield ind1="7" ind2="4" tag="082">
      <subfield code="q">DE-101</subfield>
      <subfield code="2">22sdnb</subfield>
    </datafield>
    <datafield ind1=" " ind2=" " tag="084">
      <subfield code="a">11</subfield>
      <subfield code="a">14</subfield>
      <subfield code="a">150</subfield>
      <subfield code="q">DE-101</subfield>
      <subfield code="2">sdnb</subfield>
    </datafield>
    <datafield ind1=" " ind2=" " tag="084">
      <subfield code="a">5.3</subfield>
      <subfield code="q">DE-101</subfield>
      <subfield code="2">sswd</subfield>
    </datafield>
    <datafield ind1="1" ind2="0" tag="245">
      <subfield code="a">Social change and personality</subfield>
      <subfield code="b">essays in honor of Nevitt Sanford</subfield>
      <subfield code="c">ed. by Mervin B. Freedman</subfield>
    </datafield>
    <datafield ind1="3" ind2=" " tag="260">
      <subfield code="a">Berlin</subfield>
      <subfield code="a">Heidelberg</subfield>
      <subfield code="a">New York</subfield>
      <subfield code="a">London</subfield>
      <subfield code="a">Paris</subfield>
      <subfield code="a">Tokyo</subfield>
      <subfield code="b">Springer</subfield>
      <subfield code="c">1987</subfield>
    </datafield>
    <datafield ind1=" " ind2=" " tag="300">
      <subfield code="a">231 S.</subfield>
      <subfield code="c">25 cm</subfield>
    </datafield>
    <datafield ind1="0" ind2=" " tag="490">
      <subfield code="a">Recent research in psychology</subfield>
    </datafield>
    <datafield ind1=" " ind2="7" tag="650">
      <subfield code="0">(DE-588)4055891-5</subfield>
      <subfield code="0">(DE-101)040558916</subfield>
      <subfield code="a">Sozialpsychologie</subfield>
      <subfield code="2">gnd</subfield>
    </datafield>
    <datafield ind1=" " ind2="7" tag="650">
      <subfield code="2">local</subfield>
      <subfield code="a">Gesellschaftliche Entwicklung</subfield>
    </datafield>
    <datafield ind1=" " ind2="7" tag="650">
      <subfield code="2">local</subfield>
      <subfield code="a">Persönlichkeit</subfield>
    </datafield>
    <datafield ind1=" " ind2="7" tag="650">
      <subfield code="2">local</subfield>
      <subfield code="a">Sanford, Nevitt</subfield>
      <subfield code="x">Festschriften</subfield>
    </datafield>
    <datafield ind1=" " ind2="7" tag="655">
      <subfield code="a">Aufsatzsammlung</subfield>
      <subfield code="2">gnd</subfield>
    </datafield>
    <datafield ind1="0" ind2="0" tag="689">
      <subfield code="0">(DE-588)4055891-5</subfield>
      <subfield code="0">(DE-101)040558916</subfield>
      <subfield code="D">s</subfield>
      <subfield code="a">Sozialpsychologie</subfield>
    </datafield>
    <datafield ind1="0" ind2="1" tag="689">
      <subfield code="A">f</subfield>
      <subfield code="a">Aufsatzsammlung</subfield>
    </datafield>
    <datafield ind1="0" ind2=" " tag="689">
      <subfield code="5">DE-101</subfield>
      <subfield code="5">DE-101</subfield>
    </datafield>
    <datafield ind1="1" ind2=" " tag="700">
      <subfield code="0">(DE-588)111504112</subfield>
      <subfield code="0">(DE-101)111504112</subfield>
      <subfield code="a">Freedman, Mervin B.</subfield>
      <subfield code="4">edt</subfield>
      <subfield code="e">Hrsg.</subfield>
    </datafield>
    <datafield ind1="1" ind2=" " tag="700">
      <subfield code="0">(DE-588)111504139</subfield>
      <subfield code="0">(DE-101)111504139</subfield>
      <subfield code="a">Sanford, Nevitt</subfield>
      <subfield code="4">hnr</subfield>
      <subfield code="t">Festschrift</subfield>
    </datafield>
    <datafield ind1="0" ind2="8" tag="775">
      <subfield code="i">Online-Ausg.</subfield>
      <subfield code="t">Social Change and Personality</subfield>
      <subfield code="w">(DE-101)1021424366</subfield>
    </datafield>
    <datafield ind1="4" ind2="2" tag="856">
      <subfield code="m">V:DE-576</subfield>
      <subfield code="q">application/pdf</subfield>
      <subfield code="u">http://d-nb.info/870672525/04</subfield>
      <subfield code="3">Inhaltsverzeichnis</subfield>
    </datafield>
  </record>