
  <record>
    <leader>01263nam a2200289 c 4500</leader>
    <controlfield tag="001">870882007</controlfield>
    <controlfield tag="003">DE-101</controlfield>
    <controlfield tag="005">20071229190351.0</controlfield>
    <controlfield tag="007">tu</controlfield>
    <controlfield tag="008">870720s1986    gw |||||r|||| 10||||ger  </controlfield>
    <datafield ind1=" " ind2=" " tag="015">
      <subfield code="a">87,B32,0097</subfield>
      <subfield code="2">dnb</subfield>
    </datafield>
    <datafield ind1="7" ind2=" " tag="016">
      <subfield code="2">DE-101</subfield>
      <subfield code="a">870882007</subfield>
    </datafield>
    <datafield ind1=" " ind2=" " tag="020">
      <subfield code="c">geh. (Pr. nicht mitget.)</subfield>
    </datafield>
    <datafield ind1=" " ind2=" " tag="035">
      <subfield code="a">(DE-599)DNB870882007</subfield>
    </datafield>
    <datafield ind1=" " ind2=" " tag="035">
      <subfield code="a">(OCoLC)74847256</subfield>
    </datafield>
    <datafield ind1=" " ind2=" " tag="040">
      <subfield code="a">1200</subfield>
      <subfield code="b">ger</subfield>
      <subfield code="c">DE-101</subfield>
      <subfield code="d">9999</subfield>
    </datafield>
    <datafield ind1=" " ind2=" " tag="041">
      <subfield code="a">ger</subfield>
    </datafield>
    <datafield ind1=" " ind2=" " tag="044">
      <subfield code="c">XA-DE</subfield>
    </datafield>
    <datafield ind1="7" ind2="4" tag="082">
      <subfield code="q">DE-101</subfield>
      <subfield code="2">22sdnb</subfield>
    </datafield>
    <datafield ind1=" " ind2=" " tag="084">
      <subfield code="a">17</subfield>
      <subfield code="a">20</subfield>
      <subfield code="a">1801</subfield>
      <subfield code="a">330</subfield>
      <subfield code="a">380</subfield>
      <subfield code="a">650</subfield>
      <subfield code="a">670</subfield>
      <subfield code="q">DE-101</subfield>
      <subfield code="2">sdnb</subfield>
    </datafield>
    <datafield ind1="1" ind2="0" tag="245">
      <subfield code="a">Werte in der Welt der Wirtschaft</subfield>
      <subfield code="b">Reflexionen über eth. Massstäbe für wirtschaftl. Handeln ; d. vorliegenden Beitr. sind Ergebnis e. gemeinsam vom Bildungswerk d. Bayer. Wirtschaft e.V. u.d. Evang. Akad. Tutzing vom 5. - 6. November 1985 zum Thema "Werte in d. Welt d. Wirtschaft" veranst. Tagung</subfield>
      <subfield code="c">Hrsg.: Martin Held ; Alfred Marquardt</subfield>
    </datafield>
    <datafield ind1="3" ind2=" " tag="260">
      <subfield code="a">Tutzing</subfield>
      <subfield code="b">Evang. Akad.</subfield>
      <subfield code="c">1986</subfield>
    </datafield>
    <datafield ind1=" " ind2=" " tag="300">
      <subfield code="a">46 S.</subfield>
      <subfield code="c">31 cm</subfield>
    </datafield>
    <datafield ind1="1" ind2=" " tag="490">
      <subfield code="a">Tutzinger Materialien</subfield>
      <subfield code="v">Nr. 28</subfield>
    </datafield>
    <datafield ind1="1" ind2=" " tag="700">
      <subfield code="0">(DE-588)115889221</subfield>
      <subfield code="0">(DE-101)115889221</subfield>
      <subfield code="a">Held, Martin</subfield>
      <subfield code="d">1950-</subfield>
      <subfield code="4">edt</subfield>
      <subfield code="e">Hrsg.</subfield>
    </datafield>
    <datafield ind1="2" ind2=" " tag="710">
      <subfield code="0">(DE-588)1034632-6</subfield>
      <subfield code="0">(DE-101)004219007</subfield>
      <subfield code="a">Bildungswerk der Bayerischen Wirtschaft</subfield>
    </datafield>
    <datafield ind1=" " ind2="0" tag="830">
      <subfield code="a">Tutzinger Materialien</subfield>
      <subfield code="v">Nr. 28</subfield>
      <subfield code="w">(DE-101)01597281X</subfield>
      <subfield code="w">(DE-600)1065943-2</subfield>
      <subfield code="9">228</subfield>
    </datafield>
  </record>