
  <record>
    <leader>01101nam a2200289 c 4500</leader>
    <controlfield tag="001">871243962</controlfield>
    <controlfield tag="003">DE-101</controlfield>
    <controlfield tag="005">20071229195428.0</controlfield>
    <controlfield tag="007">tu</controlfield>
    <controlfield tag="008">871020s1987    gw |||||r|||| 00||||ger  </controlfield>
    <datafield ind1=" " ind2=" " tag="015">
      <subfield code="a">87,B45,0031</subfield>
      <subfield code="2">dnb</subfield>
    </datafield>
    <datafield ind1="7" ind2=" " tag="016">
      <subfield code="2">DE-101</subfield>
      <subfield code="a">871243962</subfield>
    </datafield>
    <datafield ind1=" " ind2=" " tag="020">
      <subfield code="c">kart. (Pr. nicht mitget.)</subfield>
    </datafield>
    <datafield ind1=" " ind2=" " tag="035">
      <subfield code="a">(DE-599)DNB871243962</subfield>
    </datafield>
    <datafield ind1=" " ind2=" " tag="035">
      <subfield code="a">(OCoLC)74864800</subfield>
    </datafield>
    <datafield ind1=" " ind2=" " tag="040">
      <subfield code="a">1200</subfield>
      <subfield code="b">ger</subfield>
      <subfield code="c">DE-101</subfield>
      <subfield code="d">9999</subfield>
    </datafield>
    <datafield ind1=" " ind2=" " tag="041">
      <subfield code="a">ger</subfield>
    </datafield>
    <datafield ind1=" " ind2=" " tag="044">
      <subfield code="c">XA-DE</subfield>
    </datafield>
    <datafield ind1="7" ind2="4" tag="082">
      <subfield code="q">DE-101</subfield>
      <subfield code="2">22sdnb</subfield>
    </datafield>
    <datafield ind1=" " ind2=" " tag="084">
      <subfield code="a">11</subfield>
      <subfield code="a">2600</subfield>
      <subfield code="a">150</subfield>
      <subfield code="a">100</subfield>
      <subfield code="a">130</subfield>
      <subfield code="q">DE-101</subfield>
      <subfield code="2">sdnb</subfield>
    </datafield>
    <datafield ind1="1" ind2=" " tag="100">
      <subfield code="0">(DE-588)121173208</subfield>
      <subfield code="0">(DE-101)121173208</subfield>
      <subfield code="a">Schwenkmezger, Peter</subfield>
      <subfield code="d">1946-</subfield>
      <subfield code="4">aut</subfield>
    </datafield>
    <datafield ind1="1" ind2="0" tag="245">
      <subfield code="a">Tagesablauf und Persönlichkeit</subfield>
      <subfield code="b">Abschlussbericht e. Forschungsprojektes</subfield>
      <subfield code="c">Peter Schwenkmezger. Unter Mitarb. von Karola Schmitz-Friedhoff. [Univ. Trier, Fachbereich I, Psychologie]</subfield>
    </datafield>
    <datafield ind1="3" ind2=" " tag="260">
      <subfield code="a">Trier</subfield>
      <subfield code="b">Univ., Fachbereich I</subfield>
      <subfield code="c">1987</subfield>
    </datafield>
    <datafield ind1=" " ind2=" " tag="300">
      <subfield code="a">76 Bl.</subfield>
      <subfield code="b">graph. Darst.</subfield>
      <subfield code="c">30 cm</subfield>
    </datafield>
    <datafield ind1="1" ind2=" " tag="490">
      <subfield code="a">Trierer psychologische Berichte</subfield>
      <subfield code="v">Bd. 14, H. 5</subfield>
    </datafield>
    <datafield ind1=" " ind2=" " tag="500">
      <subfield code="a">Literaturverz. Bl. 72 - 76</subfield>
    </datafield>
    <datafield ind1=" " ind2="0" tag="830">
      <subfield code="a">Trierer psychologische Berichte</subfield>
      <subfield code="v">Bd. 14, H. 5</subfield>
      <subfield code="w">(DE-101)013187465</subfield>
      <subfield code="w">(DE-600)567902-3</subfield>
      <subfield code="9">214 15</subfield>
    </datafield>
  </record>