
  <record>
    <leader>01371nam a2200301 c 4500</leader>
    <controlfield tag="001">880776218</controlfield>
    <controlfield tag="003">DE-101</controlfield>
    <controlfield tag="005">20071229223409.0</controlfield>
    <controlfield tag="007">tu</controlfield>
    <controlfield tag="008">880705s1987    xx |||||r|||| 00||||ger  </controlfield>
    <datafield ind1=" " ind2=" " tag="015">
      <subfield code="a">88,B29,0261</subfield>
      <subfield code="2">dnb</subfield>
    </datafield>
    <datafield ind1="7" ind2=" " tag="016">
      <subfield code="2">DE-101</subfield>
      <subfield code="a">880776218</subfield>
    </datafield>
    <datafield ind1=" " ind2=" " tag="020">
      <subfield code="c">geh. : M 12.00</subfield>
    </datafield>
    <datafield ind1=" " ind2=" " tag="035">
      <subfield code="a">(DE-599)DNB880776218</subfield>
    </datafield>
    <datafield ind1=" " ind2=" " tag="035">
      <subfield code="a">(OCoLC)74990068</subfield>
    </datafield>
    <datafield ind1=" " ind2=" " tag="040">
      <subfield code="a">1200</subfield>
      <subfield code="b">ger</subfield>
      <subfield code="c">DE-101</subfield>
      <subfield code="d">9999</subfield>
    </datafield>
    <datafield ind1=" " ind2=" " tag="041">
      <subfield code="a">ger</subfield>
    </datafield>
    <datafield ind1=" " ind2=" " tag="044">
      <subfield code="c">XA-DDDE</subfield>
    </datafield>
    <datafield ind1="7" ind2="4" tag="082">
      <subfield code="q">DE-101</subfield>
      <subfield code="2">22sdnb</subfield>
    </datafield>
    <datafield ind1=" " ind2=" " tag="084">
      <subfield code="a">22</subfield>
      <subfield code="a">2204</subfield>
      <subfield code="a">370</subfield>
      <subfield code="q">DE-101</subfield>
      <subfield code="2">sdnb</subfield>
    </datafield>
    <datafield ind1="1" ind2="0" tag="245">
      <subfield code="a">Optimale Entwicklung von Leistungseigenschaften der Persönlichkeit durch differenzierte Führung pädagogischer Prozesse</subfield>
      <subfield code="b">Beitr. aus d. Projektrat für Erziehungswiss. Forschung</subfield>
      <subfield code="c">Wilhelm-Pieck-Univ. Rostock, Sekt. Pädagogik u. Psychologie. [Hrsg.: Der Rektor d. Wilhelm-Pieck-Univ., Rostock. Wiss. Leitung: Horst Drewelow ; Dietrich Bauer]</subfield>
    </datafield>
    <datafield ind1="3" ind2=" " tag="260">
      <subfield code="a">Rostock</subfield>
      <subfield code="b">Wilhelm-Pieck-Univ., Abt. Wiss.-Publ.</subfield>
      <subfield code="c">1987</subfield>
    </datafield>
    <datafield ind1=" " ind2=" " tag="300">
      <subfield code="a">72 S.</subfield>
      <subfield code="c">21 cm</subfield>
    </datafield>
    <datafield ind1="1" ind2=" " tag="490">
      <subfield code="a">Erziehungswissenschaftliche Beiträge</subfield>
      <subfield code="v">H. 14</subfield>
    </datafield>
    <datafield ind1=" " ind2=" " tag="500">
      <subfield code="a">Literaturangaben</subfield>
    </datafield>
    <datafield ind1="1" ind2=" " tag="700">
      <subfield code="0">(DE-588)120541238</subfield>
      <subfield code="0">(DE-101)120541238</subfield>
      <subfield code="a">Drewelow, Horst</subfield>
      <subfield code="d">1927-</subfield>
      <subfield code="4">edt</subfield>
      <subfield code="e">Hrsg.</subfield>
    </datafield>
    <datafield ind1="2" ind2=" " tag="710">
      <subfield code="0">(DE-588)2097013-4</subfield>
      <subfield code="0">(DE-101)007457723</subfield>
      <subfield code="a">Universität Rostock</subfield>
      <subfield code="b">Projektrat für Erziehungswissenschaftliche Forschung</subfield>
    </datafield>
    <datafield ind1=" " ind2="0" tag="830">
      <subfield code="a">Erziehungswissenschaftliche Beiträge</subfield>
      <subfield code="v">H. 14</subfield>
      <subfield code="w">(DE-101)011365730</subfield>
      <subfield code="w">(DE-600)228607-5</subfield>
      <subfield code="9">214</subfield>
    </datafield>
  </record>