
  <record>
    <leader>01904pam a2200445 c 4500</leader>
    <controlfield tag="001">880974419</controlfield>
    <controlfield tag="003">DE-101</controlfield>
    <controlfield tag="005">20071229230639.0</controlfield>
    <controlfield tag="007">tu</controlfield>
    <controlfield tag="008">880725s1988    gw |||||r|||| 00||||ger  </controlfield>
    <datafield ind1=" " ind2=" " tag="015">
      <subfield code="a">89,A01,0801</subfield>
      <subfield code="z">88,N33,0325</subfield>
      <subfield code="2">dnb</subfield>
    </datafield>
    <datafield ind1="7" ind2=" " tag="016">
      <subfield code="2">DE-101</subfield>
      <subfield code="a">880974419</subfield>
    </datafield>
    <datafield ind1=" " ind2=" " tag="020">
      <subfield code="a">3110118750 (Berlin ...)</subfield>
      <subfield code="c"> Kunststoff : DM 68.00</subfield>
      <subfield code="9">3-11-011875-0</subfield>
    </datafield>
    <datafield ind1=" " ind2=" " tag="020">
      <subfield code="a">0899255337 (New York ...)</subfield>
      <subfield code="c"> Kunststoff</subfield>
      <subfield code="9">0-89925-533-7</subfield>
    </datafield>
    <datafield ind1=" " ind2=" " tag="035">
      <subfield code="a">(DE-599)DNB880974419</subfield>
    </datafield>
    <datafield ind1=" " ind2=" " tag="035">
      <subfield code="a">(OCoLC)612251848</subfield>
    </datafield>
    <datafield ind1=" " ind2=" " tag="040">
      <subfield code="a">1200</subfield>
      <subfield code="b">ger</subfield>
      <subfield code="c">DE-101</subfield>
      <subfield code="d">9999</subfield>
    </datafield>
    <datafield ind1=" " ind2=" " tag="041">
      <subfield code="a">ger</subfield>
    </datafield>
    <datafield ind1=" " ind2=" " tag="044">
      <subfield code="c">XA-DE</subfield>
    </datafield>
    <datafield ind1="7" ind2="4" tag="082">
      <subfield code="q">DE-101</subfield>
      <subfield code="2">22sdnb</subfield>
    </datafield>
    <datafield ind1=" " ind2=" " tag="084">
      <subfield code="a">33</subfield>
      <subfield code="a">03</subfield>
      <subfield code="a">610</subfield>
      <subfield code="q">DE-101</subfield>
      <subfield code="2">sdnb</subfield>
    </datafield>
    <datafield ind1=" " ind2=" " tag="084">
      <subfield code="a">27.11</subfield>
      <subfield code="a">27.11</subfield>
      <subfield code="q">DE-101</subfield>
      <subfield code="2">sswd</subfield>
    </datafield>
    <datafield ind1="1" ind2="0" tag="245">
      <subfield code="a">Dictionary of obstetrics and gynecology</subfield>
      <subfield code="c">comp. by the ed. staff of Pschyrembel's klinisches Wörterbuch. Managing ed. Christoph Zink. Transl. by Kathleen R. Dyer ...</subfield>
    </datafield>
    <datafield ind1="3" ind2=" " tag="260">
      <subfield code="a">Berlin</subfield>
      <subfield code="a">New York</subfield>
      <subfield code="b">de Gruyter</subfield>
      <subfield code="c">1988</subfield>
    </datafield>
    <datafield ind1=" " ind2=" " tag="300">
      <subfield code="a">XI, 277 S.</subfield>
      <subfield code="b">442 Ill. u. graph. Darst.</subfield>
      <subfield code="c">22 cm</subfield>
    </datafield>
    <datafield ind1=" " ind2=" " tag="500">
      <subfield code="a">Dt. Ausg. u.d.T.: Pschyrembel-Wörterbuch Gynäkologie und Geburtshilfe. - Span. Ausg. u.d.T.: Diccionario Pschyrembel de ginecología y obstetricia</subfield>
    </datafield>
    <datafield ind1=" " ind2="7" tag="650">
      <subfield code="0">(DE-588)4018225-3</subfield>
      <subfield code="0">(DE-101)040182258</subfield>
      <subfield code="a">Gynäkologie</subfield>
      <subfield code="2">gnd</subfield>
    </datafield>
    <datafield ind1=" " ind2="7" tag="650">
      <subfield code="0">(DE-588)4019604-5</subfield>
      <subfield code="0">(DE-101)040196046</subfield>
      <subfield code="a">Geburtshilfe</subfield>
      <subfield code="2">gnd</subfield>
    </datafield>
    <datafield ind1=" " ind2="7" tag="650">
      <subfield code="2">local</subfield>
      <subfield code="a">Frauenheilkunde</subfield>
      <subfield code="x">Wörterbücher, Lexika</subfield>
    </datafield>
    <datafield ind1=" " ind2="7" tag="650">
      <subfield code="2">local</subfield>
      <subfield code="a">Geburtshilfe</subfield>
      <subfield code="x">Wörterbücher, Lexika</subfield>
    </datafield>
    <datafield ind1=" " ind2="7" tag="650">
      <subfield code="2">local</subfield>
      <subfield code="a">Englische Sprache</subfield>
      <subfield code="x">Fachsprache</subfield>
      <subfield code="x">Wörterbücher, Lexika</subfield>
    </datafield>
    <datafield ind1=" " ind2="7" tag="655">
      <subfield code="a">Wörterbuch</subfield>
      <subfield code="2">gnd</subfield>
    </datafield>
    <datafield ind1=" " ind2="7" tag="655">
      <subfield code="a">Wörterbuch</subfield>
      <subfield code="2">gnd</subfield>
    </datafield>
    <datafield ind1="0" ind2="0" tag="689">
      <subfield code="0">(DE-588)4018225-3</subfield>
      <subfield code="0">(DE-101)040182258</subfield>
      <subfield code="D">s</subfield>
      <subfield code="a">Gynäkologie</subfield>
    </datafield>
    <datafield ind1="0" ind2="1" tag="689">
      <subfield code="A">f</subfield>
      <subfield code="a">Wörterbuch</subfield>
    </datafield>
    <datafield ind1="0" ind2=" " tag="689">
      <subfield code="5">DE-101</subfield>
      <subfield code="5">DE-101</subfield>
    </datafield>
    <datafield ind1="1" ind2="0" tag="689">
      <subfield code="0">(DE-588)4019604-5</subfield>
      <subfield code="0">(DE-101)040196046</subfield>
      <subfield code="D">s</subfield>
      <subfield code="a">Geburtshilfe</subfield>
    </datafield>
    <datafield ind1="1" ind2="1" tag="689">
      <subfield code="A">f</subfield>
      <subfield code="a">Wörterbuch</subfield>
    </datafield>
    <datafield ind1="1" ind2=" " tag="689">
      <subfield code="5">DE-101</subfield>
      <subfield code="5">DE-101</subfield>
    </datafield>
    <datafield ind1="1" ind2=" " tag="700">
      <subfield code="0">(DE-588)132005751</subfield>
      <subfield code="0">(DE-101)132005751</subfield>
      <subfield code="a">Zink, Christoph</subfield>
      <subfield code="d">1951-</subfield>
      <subfield code="4">edt</subfield>
      <subfield code="e">Hrsg.</subfield>
    </datafield>
  </record>