
  <record>
    <leader>01548pam a2200397 c 4500</leader>
    <controlfield tag="001">890792747</controlfield>
    <controlfield tag="003">DE-101</controlfield>
    <controlfield tag="005">20071230025000.0</controlfield>
    <controlfield tag="007">tu</controlfield>
    <controlfield tag="008">890420s1989    gw |||||r|||| 00||||ger  </controlfield>
    <datafield ind1=" " ind2=" " tag="015">
      <subfield code="a">89,A40,0172</subfield>
      <subfield code="z">89,N29,0067</subfield>
      <subfield code="2">dnb</subfield>
    </datafield>
    <datafield ind1="7" ind2=" " tag="016">
      <subfield code="2">DE-101</subfield>
      <subfield code="a">890792747</subfield>
    </datafield>
    <datafield ind1=" " ind2=" " tag="020">
      <subfield code="a">3407305249</subfield>
      <subfield code="c">kart. : DM 12.00</subfield>
      <subfield code="9">3-407-30524-9</subfield>
    </datafield>
    <datafield ind1=" " ind2=" " tag="035">
      <subfield code="a">(DE-599)DNB890792747</subfield>
    </datafield>
    <datafield ind1=" " ind2=" " tag="035">
      <subfield code="a">(OCoLC)260152051</subfield>
    </datafield>
    <datafield ind1=" " ind2=" " tag="040">
      <subfield code="a">1200</subfield>
      <subfield code="b">ger</subfield>
      <subfield code="c">DE-101</subfield>
      <subfield code="d">9999</subfield>
    </datafield>
    <datafield ind1=" " ind2=" " tag="041">
      <subfield code="a">ger</subfield>
    </datafield>
    <datafield ind1=" " ind2=" " tag="044">
      <subfield code="c">XA-DE</subfield>
    </datafield>
    <datafield ind1="7" ind2="4" tag="082">
      <subfield code="q">DE-101</subfield>
      <subfield code="2">22sdnb</subfield>
    </datafield>
    <datafield ind1=" " ind2=" " tag="084">
      <subfield code="a">11</subfield>
      <subfield code="a">28</subfield>
      <subfield code="a">2600</subfield>
      <subfield code="a">150</subfield>
      <subfield code="a">100</subfield>
      <subfield code="a">130</subfield>
      <subfield code="q">DE-101</subfield>
      <subfield code="2">sdnb</subfield>
    </datafield>
    <datafield ind1=" " ind2=" " tag="084">
      <subfield code="a">30</subfield>
      <subfield code="a">5.2</subfield>
      <subfield code="a">27.13</subfield>
      <subfield code="q">DE-101</subfield>
      <subfield code="2">sswd</subfield>
    </datafield>
    <datafield ind1="1" ind2="0" tag="245">
      <subfield code="a">Wie uns der Computer verändert</subfield>
      <subfield code="b">Thema: Persönlichkeit</subfield>
      <subfield code="c">hrsg. von d. Red. Psychologie heute</subfield>
    </datafield>
    <datafield ind1="3" ind2=" " tag="260">
      <subfield code="a">Weinheim</subfield>
      <subfield code="a">Basel</subfield>
      <subfield code="b">Beltz</subfield>
      <subfield code="c">1989</subfield>
    </datafield>
    <datafield ind1=" " ind2=" " tag="300">
      <subfield code="a">140 S.</subfield>
      <subfield code="c">19 cm</subfield>
    </datafield>
    <datafield ind1="1" ind2=" " tag="490">
      <subfield code="a">Psychologie heute : [...], Taschenbuch</subfield>
      <subfield code="v">524</subfield>
    </datafield>
    <datafield ind1=" " ind2=" " tag="500">
      <subfield code="a">Aus: Psychologie heute</subfield>
    </datafield>
    <datafield ind1=" " ind2="7" tag="650">
      <subfield code="0">(DE-588)4070083-5</subfield>
      <subfield code="0">(DE-101)040700836</subfield>
      <subfield code="a">Computer</subfield>
      <subfield code="2">gnd</subfield>
    </datafield>
    <datafield ind1=" " ind2="7" tag="650">
      <subfield code="0">(DE-588)4045247-5</subfield>
      <subfield code="0">(DE-101)040452476</subfield>
      <subfield code="a">Persönlichkeitsveränderung</subfield>
      <subfield code="2">gnd</subfield>
    </datafield>
    <datafield ind1=" " ind2="7" tag="650">
      <subfield code="2">local</subfield>
      <subfield code="a">Computer</subfield>
    </datafield>
    <datafield ind1=" " ind2="7" tag="650">
      <subfield code="2">local</subfield>
      <subfield code="a">Mensch-Maschine-System</subfield>
    </datafield>
    <datafield ind1=" " ind2="7" tag="655">
      <subfield code="a">Aufsatzsammlung</subfield>
      <subfield code="2">gnd</subfield>
    </datafield>
    <datafield ind1="0" ind2="0" tag="689">
      <subfield code="0">(DE-588)4070083-5</subfield>
      <subfield code="0">(DE-101)040700836</subfield>
      <subfield code="D">s</subfield>
      <subfield code="a">Computer</subfield>
    </datafield>
    <datafield ind1="0" ind2="1" tag="689">
      <subfield code="0">(DE-588)4045247-5</subfield>
      <subfield code="0">(DE-101)040452476</subfield>
      <subfield code="D">s</subfield>
      <subfield code="a">Persönlichkeitsveränderung</subfield>
    </datafield>
    <datafield ind1="0" ind2="2" tag="689">
      <subfield code="A">f</subfield>
      <subfield code="a">Aufsatzsammlung</subfield>
    </datafield>
    <datafield ind1="0" ind2=" " tag="689">
      <subfield code="5">DE-101</subfield>
      <subfield code="5">DE-101</subfield>
    </datafield>
    <datafield ind1=" " ind2="0" tag="830">
      <subfield code="a">Psychologie heute / Taschenbuch</subfield>
      <subfield code="n">[...]</subfield>
      <subfield code="p">Taschenbuch / hrsg. von der Redaktion Psychologie heute</subfield>
      <subfield code="t">Psychologie heute</subfield>
      <subfield code="v">524</subfield>
      <subfield code="w">(DE-101)015832481</subfield>
      <subfield code="w">(DE-600)1051409-0</subfield>
      <subfield code="9">3524</subfield>
    </datafield>
  </record>