
  <record>
    <leader>01191nam a2200289 c 4500</leader>
    <controlfield tag="001">891216588</controlfield>
    <controlfield tag="003">DE-101</controlfield>
    <controlfield tag="005">20071230040330.0</controlfield>
    <controlfield tag="007">tu</controlfield>
    <controlfield tag="008">890815s1983    gw |||||r|||| 10||||ger  </controlfield>
    <datafield ind1=" " ind2=" " tag="015">
      <subfield code="a">89,B35,0046</subfield>
      <subfield code="2">dnb</subfield>
    </datafield>
    <datafield ind1="7" ind2=" " tag="016">
      <subfield code="2">DE-101</subfield>
      <subfield code="a">891216588</subfield>
    </datafield>
    <datafield ind1=" " ind2=" " tag="020">
      <subfield code="c">kart.</subfield>
    </datafield>
    <datafield ind1=" " ind2=" " tag="035">
      <subfield code="a">(DE-599)DNB891216588</subfield>
    </datafield>
    <datafield ind1=" " ind2=" " tag="035">
      <subfield code="a">(OCoLC)75086431</subfield>
    </datafield>
    <datafield ind1=" " ind2=" " tag="040">
      <subfield code="a">1200</subfield>
      <subfield code="b">ger</subfield>
      <subfield code="c">DE-101</subfield>
      <subfield code="d">9999</subfield>
    </datafield>
    <datafield ind1=" " ind2=" " tag="041">
      <subfield code="a">ger</subfield>
    </datafield>
    <datafield ind1=" " ind2=" " tag="044">
      <subfield code="c">XA-DE</subfield>
    </datafield>
    <datafield ind1="7" ind2="4" tag="082">
      <subfield code="q">DE-101</subfield>
      <subfield code="2">22sdnb</subfield>
    </datafield>
    <datafield ind1=" " ind2=" " tag="084">
      <subfield code="a">11</subfield>
      <subfield code="a">16</subfield>
      <subfield code="a">150</subfield>
      <subfield code="q">DE-101</subfield>
      <subfield code="2">sdnb</subfield>
    </datafield>
    <datafield ind1="1" ind2="0" tag="245">
      <subfield code="a">Jugend und Werte</subfield>
      <subfield code="b">Dokumentation über den fünften Workshop "Politische Psychologie", November 1983</subfield>
      <subfield code="c">FU Berlin, FB Erziehungs- u. Unterrichtswiss. - Inst. für Psychologie. Arne Stiksrud (Hrsg.). (BDP-IAPP)</subfield>
    </datafield>
    <datafield ind1="3" ind2=" " tag="260">
      <subfield code="a">Berlin</subfield>
      <subfield code="b">Inst. für Psychologie</subfield>
      <subfield code="c">1983</subfield>
    </datafield>
    <datafield ind1=" " ind2=" " tag="300">
      <subfield code="a">2200 Sp. in getr. Zählung</subfield>
      <subfield code="b">graph. Darst.</subfield>
      <subfield code="c">22 x 30 cm</subfield>
    </datafield>
    <datafield ind1=" " ind2=" " tag="500">
      <subfield code="a">Literaturangaben</subfield>
    </datafield>
    <datafield ind1="1" ind2=" " tag="700">
      <subfield code="0">(DE-588)108564215</subfield>
      <subfield code="0">(DE-101)108564215</subfield>
      <subfield code="a">Stiksrud, Hans Arne</subfield>
      <subfield code="d">1944-2005</subfield>
      <subfield code="4">edt</subfield>
      <subfield code="e">Hrsg.</subfield>
    </datafield>
    <datafield ind1="2" ind2=" " tag="710">
      <subfield code="0">(DE-588)2032225-2</subfield>
      <subfield code="0">(DE-101)004883896</subfield>
      <subfield code="a">Institut für Psychologie</subfield>
      <subfield code="g">Universität Berlin, Freie Universität</subfield>
    </datafield>
    <datafield ind1="2" ind2=" " tag="711">
      <subfield code="0">(DE-588)2106041-1</subfield>
      <subfield code="0">(DE-101)00754085X</subfield>
      <subfield code="a">Workshop Politische Psychologie</subfield>
      <subfield code="n">5</subfield>
      <subfield code="d">1983</subfield>
      <subfield code="c">Berlin, West</subfield>
    </datafield>
  </record>