
  <record>
    <leader>00921nam a2200277 c 4500</leader>
    <controlfield tag="001">891691286</controlfield>
    <controlfield tag="003">DE-101</controlfield>
    <controlfield tag="005">20071230052657.0</controlfield>
    <controlfield tag="007">tu</controlfield>
    <controlfield tag="008">891128s1989    gw |||||r|||| 00||||ger  </controlfield>
    <datafield ind1=" " ind2=" " tag="015">
      <subfield code="a">89,A50,0037</subfield>
      <subfield code="2">dnb</subfield>
    </datafield>
    <datafield ind1="7" ind2=" " tag="016">
      <subfield code="2">DE-101</subfield>
      <subfield code="a">891691286</subfield>
    </datafield>
    <datafield ind1=" " ind2=" " tag="020">
      <subfield code="a">3926616288</subfield>
      <subfield code="c">Pp. : DM 19.80</subfield>
      <subfield code="9">3-926616-28-8</subfield>
    </datafield>
    <datafield ind1=" " ind2=" " tag="035">
      <subfield code="a">(DE-599)DNB891691286</subfield>
    </datafield>
    <datafield ind1=" " ind2=" " tag="035">
      <subfield code="a">(OCoLC)75114053</subfield>
    </datafield>
    <datafield ind1=" " ind2=" " tag="040">
      <subfield code="a">1200</subfield>
      <subfield code="b">ger</subfield>
      <subfield code="c">DE-101</subfield>
      <subfield code="d">9999</subfield>
    </datafield>
    <datafield ind1=" " ind2=" " tag="041">
      <subfield code="a">ger</subfield>
    </datafield>
    <datafield ind1=" " ind2=" " tag="044">
      <subfield code="c">XA-DE</subfield>
    </datafield>
    <datafield ind1="7" ind2="4" tag="082">
      <subfield code="q">DE-101</subfield>
      <subfield code="2">22sdnb</subfield>
    </datafield>
    <datafield ind1=" " ind2=" " tag="084">
      <subfield code="a">07</subfield>
      <subfield code="a">K</subfield>
      <subfield code="q">DE-101</subfield>
      <subfield code="2">sdnb</subfield>
    </datafield>
    <datafield ind1="1" ind2="0" tag="245">
      <subfield code="a">Beowulf</subfield>
      <subfield code="c">Charles Keeping ; Kevin Crossley-Holland. [Aus d. Engl. von Alexander Schmitz]</subfield>
    </datafield>
    <datafield ind1="3" ind2=" " tag="260">
      <subfield code="a">Buxtehude</subfield>
      <subfield code="b">Verl. an d. Este</subfield>
      <subfield code="c">1989</subfield>
    </datafield>
    <datafield ind1=" " ind2=" " tag="300">
      <subfield code="a">46 S.</subfield>
      <subfield code="b">überwiegend Ill.</subfield>
      <subfield code="c">29 cm</subfield>
    </datafield>
    <datafield ind1="1" ind2=" " tag="700">
      <subfield code="0">(DE-588)107501546</subfield>
      <subfield code="0">(DE-101)107501546</subfield>
      <subfield code="a">Keeping, Charles</subfield>
      <subfield code="4">ill</subfield>
      <subfield code="e">Ill.</subfield>
    </datafield>
    <datafield ind1="1" ind2=" " tag="700">
      <subfield code="0">(DE-588)124049834</subfield>
      <subfield code="0">(DE-101)124049834</subfield>
      <subfield code="a">Crossley-Holland, Kevin</subfield>
      <subfield code="d">1941-</subfield>
      <subfield code="4">oth</subfield>
      <subfield code="e">Mitverf.</subfield>
    </datafield>
    <datafield ind1="0" ind2=" " tag="730">
      <subfield code="a">Beowulf</subfield>
      <subfield code="g">dt.</subfield>
    </datafield>
  </record>