
  <record>
    <leader>01496nam a2200301 c 4500</leader>
    <controlfield tag="001">891691383</controlfield>
    <controlfield tag="003">DE-101</controlfield>
    <controlfield tag="005">20071230052658.0</controlfield>
    <controlfield tag="007">tu</controlfield>
    <controlfield tag="008">891129s1986    xx |||||r|||| 00||||ger  </controlfield>
    <datafield ind1=" " ind2=" " tag="015">
      <subfield code="a">89,B50,0003</subfield>
      <subfield code="2">dnb</subfield>
    </datafield>
    <datafield ind1="7" ind2=" " tag="016">
      <subfield code="2">DE-101</subfield>
      <subfield code="a">891691383</subfield>
    </datafield>
    <datafield ind1=" " ind2=" " tag="020">
      <subfield code="c">geh.</subfield>
    </datafield>
    <datafield ind1=" " ind2=" " tag="035">
      <subfield code="a">(DE-599)DNB891691383</subfield>
    </datafield>
    <datafield ind1=" " ind2=" " tag="035">
      <subfield code="a">(OCoLC)75114061</subfield>
    </datafield>
    <datafield ind1=" " ind2=" " tag="040">
      <subfield code="a">1200</subfield>
      <subfield code="b">ger</subfield>
      <subfield code="c">DE-101</subfield>
      <subfield code="d">9999</subfield>
    </datafield>
    <datafield ind1=" " ind2=" " tag="041">
      <subfield code="a">ger</subfield>
    </datafield>
    <datafield ind1=" " ind2=" " tag="044">
      <subfield code="c">XA-DDDE</subfield>
    </datafield>
    <datafield ind1="7" ind2="4" tag="082">
      <subfield code="q">DE-101</subfield>
      <subfield code="2">22sdnb</subfield>
    </datafield>
    <datafield ind1=" " ind2=" " tag="084">
      <subfield code="a">01</subfield>
      <subfield code="a">10</subfield>
      <subfield code="a">11</subfield>
      <subfield code="a">000</subfield>
      <subfield code="a">050</subfield>
      <subfield code="a">060</subfield>
      <subfield code="a">080</subfield>
      <subfield code="a">700</subfield>
      <subfield code="q">DE-101</subfield>
      <subfield code="2">sdnb</subfield>
    </datafield>
    <datafield ind1="1" ind2=" " tag="100">
      <subfield code="0">(DE-588)115689680</subfield>
      <subfield code="0">(DE-101)115689680</subfield>
      <subfield code="a">Heyse, Volker</subfield>
      <subfield code="d">1944-</subfield>
      <subfield code="4">aut</subfield>
    </datafield>
    <datafield ind1="1" ind2="0" tag="245">
      <subfield code="a">Lehrbrief kreative Persönlichkeit im Forschungs- und Entwicklungsprozess</subfield>
      <subfield code="b">Faktoren der Persönlichkeits- und Kollektiventwicklung aus sozialpsychologischer Sicht</subfield>
      <subfield code="c">Autor: Volker Heyse. Hrsg. Bauakad. d. DDR, Direktion Kader u. Weiterbildung, Abt. Wiss.-Psychologie, Weiterbildungszentrum ; Kombinat VEB Carl Zeiss Jena, Forschungszentrum, Fachdirektion Kader u. Bildung, Kombinatsakad.</subfield>
    </datafield>
    <datafield ind1=" " ind2=" " tag="250">
      <subfield code="a">3., veränd. Aufl.</subfield>
    </datafield>
    <datafield ind1=" " ind2=" " tag="259">
      <subfield code="a">13</subfield>
    </datafield>
    <datafield ind1="3" ind2=" " tag="260">
      <subfield code="a">Berlin</subfield>
      <subfield code="b">Bauakad. d. DDR, Weiterbildungszentrum</subfield>
      <subfield code="a">Jena</subfield>
      <subfield code="b">Kombinat Carl Zeiss, Kombinatsakad.</subfield>
      <subfield code="c">1986</subfield>
    </datafield>
    <datafield ind1=" " ind2=" " tag="300">
      <subfield code="a">39, 11 S.</subfield>
      <subfield code="c">30 cm</subfield>
    </datafield>
    <datafield ind1="1" ind2=" " tag="490">
      <subfield code="a">Lehrbriefreihe Grundlagen des wissenschaftlich-technischen Schöpfertums in Forschungs- und Entwicklungsprozessen</subfield>
      <subfield code="v">3</subfield>
    </datafield>
    <datafield ind1=" " ind2="0" tag="830">
      <subfield code="a">Lehrbriefreihe Grundlagen des wissenschaftlich-technischen Schöpfertums in Forschungs- und Entwicklungsprozessen</subfield>
      <subfield code="v">3</subfield>
      <subfield code="w">(DE-101)551623276</subfield>
      <subfield code="w">(DE-600)2292893-5</subfield>
      <subfield code="9">13</subfield>
    </datafield>
  </record>