
  <record>
    <leader>01479pam a2200385 c 4500</leader>
    <controlfield tag="001">900001577</controlfield>
    <controlfield tag="003">DE-101</controlfield>
    <controlfield tag="005">20110414180029.0</controlfield>
    <controlfield tag="007">tu</controlfield>
    <controlfield tag="008">891114s1990    gw |||||r|||| 00||||ger  </controlfield>
    <datafield ind1=" " ind2=" " tag="015">
      <subfield code="a">90,A35,0300</subfield>
      <subfield code="z">90,N24,0124</subfield>
      <subfield code="2">dnb</subfield>
    </datafield>
    <datafield ind1="7" ind2=" " tag="016">
      <subfield code="2">DE-101</subfield>
      <subfield code="a">900001577</subfield>
    </datafield>
    <datafield ind1=" " ind2=" " tag="020">
      <subfield code="a">325804175X</subfield>
      <subfield code="c">Gewebe : DM 48.00, sfr 42.00</subfield>
      <subfield code="9">3-258-04175-X</subfield>
    </datafield>
    <datafield ind1=" " ind2=" " tag="035">
      <subfield code="a">(DE-599)DNB900001577</subfield>
    </datafield>
    <datafield ind1=" " ind2=" " tag="035">
      <subfield code="a">(OCoLC)243429025</subfield>
    </datafield>
    <datafield ind1=" " ind2=" " tag="040">
      <subfield code="a">1200</subfield>
      <subfield code="b">ger</subfield>
      <subfield code="c">DE-101</subfield>
      <subfield code="d">9999</subfield>
    </datafield>
    <datafield ind1=" " ind2=" " tag="041">
      <subfield code="a">ger</subfield>
    </datafield>
    <datafield ind1=" " ind2=" " tag="044">
      <subfield code="c">XA-DE</subfield>
    </datafield>
    <datafield ind1="7" ind2="4" tag="082">
      <subfield code="q">DE-101</subfield>
      <subfield code="2">22sdnb</subfield>
    </datafield>
    <datafield ind1=" " ind2=" " tag="084">
      <subfield code="a">14</subfield>
      <subfield code="a">17</subfield>
      <subfield code="a">16</subfield>
      <subfield code="a">10</subfield>
      <subfield code="a">300</subfield>
      <subfield code="a">360</subfield>
      <subfield code="q">DE-101</subfield>
      <subfield code="2">sdnb</subfield>
    </datafield>
    <datafield ind1=" " ind2=" " tag="084">
      <subfield code="a">10.2a</subfield>
      <subfield code="a">4.5</subfield>
      <subfield code="a">9.3d</subfield>
      <subfield code="q">DE-101</subfield>
      <subfield code="2">sswd</subfield>
    </datafield>
    <datafield ind1="1" ind2="0" tag="245">
      <subfield code="a">Werte in Wirtschaft und Gesellschaft</subfield>
      <subfield code="c">Reinhold Biskup (Hrsg.)</subfield>
    </datafield>
    <datafield ind1="3" ind2=" " tag="260">
      <subfield code="a">Bern</subfield>
      <subfield code="a">Stuttgart</subfield>
      <subfield code="b">Haupt</subfield>
      <subfield code="c">1990</subfield>
    </datafield>
    <datafield ind1=" " ind2=" " tag="300">
      <subfield code="a">223 S.</subfield>
      <subfield code="c">23 cm</subfield>
    </datafield>
    <datafield ind1="1" ind2=" " tag="490">
      <subfield code="a">Beiträge zur Wirtschaftspolitik</subfield>
      <subfield code="v">Bd. 52</subfield>
    </datafield>
    <datafield ind1=" " ind2="7" tag="650">
      <subfield code="0">(DE-588)4066439-9</subfield>
      <subfield code="0">(DE-101)040664392</subfield>
      <subfield code="a">Wirtschaftsethik</subfield>
      <subfield code="2">gnd</subfield>
    </datafield>
    <datafield ind1=" " ind2="7" tag="650">
      <subfield code="0">(DE-588)4117636-4</subfield>
      <subfield code="0">(DE-101)041176367</subfield>
      <subfield code="a">Wertwandel</subfield>
      <subfield code="2">gnd</subfield>
    </datafield>
    <datafield ind1=" " ind2="7" tag="655">
      <subfield code="a">Aufsatzsammlung</subfield>
      <subfield code="2">gnd</subfield>
    </datafield>
    <datafield ind1="0" ind2="0" tag="689">
      <subfield code="0">(DE-588)4066439-9</subfield>
      <subfield code="0">(DE-101)040664392</subfield>
      <subfield code="D">s</subfield>
      <subfield code="a">Wirtschaftsethik</subfield>
    </datafield>
    <datafield ind1="0" ind2="1" tag="689">
      <subfield code="0">(DE-588)4117636-4</subfield>
      <subfield code="0">(DE-101)041176367</subfield>
      <subfield code="D">s</subfield>
      <subfield code="a">Wertwandel</subfield>
    </datafield>
    <datafield ind1="0" ind2="2" tag="689">
      <subfield code="A">f</subfield>
      <subfield code="a">Aufsatzsammlung</subfield>
    </datafield>
    <datafield ind1="0" ind2=" " tag="689">
      <subfield code="5">DE-101</subfield>
      <subfield code="5">DE-101</subfield>
    </datafield>
    <datafield ind1="1" ind2=" " tag="700">
      <subfield code="0">(DE-588)121029999</subfield>
      <subfield code="0">(DE-101)121029999</subfield>
      <subfield code="a">Biskup, Reinhold</subfield>
      <subfield code="4">edt</subfield>
      <subfield code="e">Hrsg.</subfield>
    </datafield>
    <datafield ind1=" " ind2="0" tag="830">
      <subfield code="a">Beiträge zur Wirtschaftspolitik</subfield>
      <subfield code="v">Bd. 52</subfield>
      <subfield code="w">(DE-101)012637432</subfield>
      <subfield code="w">(DE-600)503843-1</subfield>
      <subfield code="9">252</subfield>
    </datafield>
    <datafield ind1="4" ind2="2" tag="856">
      <subfield code="m">V:DE-605</subfield>
      <subfield code="q">application/pdf</subfield>
      <subfield code="u">http://d-nb.info/900001577/04</subfield>
      <subfield code="3">Inhaltsverzeichnis</subfield>
    </datafield>
  </record>