
  <record>
    <leader>01256pam a2200349 c 4500</leader>
    <controlfield tag="001">900692308</controlfield>
    <controlfield tag="003">DE-101</controlfield>
    <controlfield tag="005">20101006143415.0</controlfield>
    <controlfield tag="007">tu</controlfield>
    <controlfield tag="008">900417s1990    gw |||||r|||| 00||||ger  </controlfield>
    <datafield ind1=" " ind2=" " tag="015">
      <subfield code="a">90,A34,0196</subfield>
      <subfield code="z">90,N19,0038</subfield>
      <subfield code="2">dnb</subfield>
    </datafield>
    <datafield ind1="7" ind2=" " tag="016">
      <subfield code="2">DE-101</subfield>
      <subfield code="a">900692308</subfield>
    </datafield>
    <datafield ind1=" " ind2=" " tag="020">
      <subfield code="a">3793870286</subfield>
      <subfield code="c">kart. : DM 14.00</subfield>
      <subfield code="9">3-7938-7028-6</subfield>
    </datafield>
    <datafield ind1=" " ind2=" " tag="035">
      <subfield code="a">(DE-599)DNB900692308</subfield>
    </datafield>
    <datafield ind1=" " ind2=" " tag="035">
      <subfield code="a">(OCoLC)75150354</subfield>
    </datafield>
    <datafield ind1=" " ind2=" " tag="040">
      <subfield code="a">1200</subfield>
      <subfield code="b">ger</subfield>
      <subfield code="c">DE-101</subfield>
      <subfield code="d">1250</subfield>
    </datafield>
    <datafield ind1=" " ind2=" " tag="041">
      <subfield code="a">ger</subfield>
    </datafield>
    <datafield ind1=" " ind2=" " tag="044">
      <subfield code="c">XA-DE</subfield>
    </datafield>
    <datafield ind1="7" ind2="4" tag="082">
      <subfield code="q">DE-101</subfield>
      <subfield code="2">22sdnb</subfield>
    </datafield>
    <datafield ind1=" " ind2=" " tag="084">
      <subfield code="a">11</subfield>
      <subfield code="a">150</subfield>
      <subfield code="q">DE-101</subfield>
      <subfield code="2">sdnb</subfield>
    </datafield>
    <datafield ind1=" " ind2=" " tag="084">
      <subfield code="a">5.1a</subfield>
      <subfield code="q">DE-101</subfield>
      <subfield code="2">sswd</subfield>
    </datafield>
    <datafield ind1="1" ind2=" " tag="100">
      <subfield code="0">(DE-588)106693425</subfield>
      <subfield code="0">(DE-101)106693425</subfield>
      <subfield code="a">Crisand, Ekkehard</subfield>
      <subfield code="d">1933-</subfield>
      <subfield code="4">aut</subfield>
    </datafield>
    <datafield ind1="1" ind2="0" tag="245">
      <subfield code="a">Psychologie der Persönlichkeit</subfield>
      <subfield code="b">eine Einführung</subfield>
      <subfield code="c">von Ekkehard Crisand</subfield>
    </datafield>
    <datafield ind1=" " ind2=" " tag="250">
      <subfield code="a">5., überarb. Aufl., (16. - 18. Tsd.)</subfield>
    </datafield>
    <datafield ind1=" " ind2=" " tag="259">
      <subfield code="a">15</subfield>
    </datafield>
    <datafield ind1="3" ind2=" " tag="260">
      <subfield code="a">Heidelberg</subfield>
      <subfield code="b">Sauer</subfield>
      <subfield code="c">1990</subfield>
    </datafield>
    <datafield ind1=" " ind2=" " tag="300">
      <subfield code="a">71 S.</subfield>
      <subfield code="b">34 graph. Darst.</subfield>
      <subfield code="c">21 cm</subfield>
    </datafield>
    <datafield ind1="1" ind2=" " tag="490">
      <subfield code="a">Arbeitshefte Führungspsychologie</subfield>
      <subfield code="v">Bd. 1</subfield>
    </datafield>
    <datafield ind1=" " ind2="7" tag="650">
      <subfield code="0">(DE-588)4075996-9</subfield>
      <subfield code="0">(DE-101)040759962</subfield>
      <subfield code="a">Persönlichkeitspsychologie</subfield>
      <subfield code="2">gnd</subfield>
    </datafield>
    <datafield ind1="0" ind2="0" tag="689">
      <subfield code="0">(DE-588)4075996-9</subfield>
      <subfield code="0">(DE-101)040759962</subfield>
      <subfield code="D">s</subfield>
      <subfield code="a">Persönlichkeitspsychologie</subfield>
    </datafield>
    <datafield ind1="0" ind2=" " tag="689">
      <subfield code="5">DE-101</subfield>
      <subfield code="5">DE-101</subfield>
    </datafield>
    <datafield ind1=" " ind2="0" tag="830">
      <subfield code="a">Arbeitshefte Führungspsychologie</subfield>
      <subfield code="v">Bd. 1</subfield>
      <subfield code="w">(DE-101)012944696</subfield>
      <subfield code="w">(DE-600)541724-7</subfield>
      <subfield code="9">11</subfield>
    </datafield>
  </record>