
  <record>
    <leader>01102pam a2200337 c 4500</leader>
    <controlfield tag="001">901068934</controlfield>
    <controlfield tag="003">DE-101</controlfield>
    <controlfield tag="005">20071230090238.0</controlfield>
    <controlfield tag="007">tu</controlfield>
    <controlfield tag="008">900719s1990    gw |||||r|||| 00||||ger  </controlfield>
    <datafield ind1=" " ind2=" " tag="015">
      <subfield code="a">91,A02,0579</subfield>
      <subfield code="z">90,N38,0315</subfield>
      <subfield code="2">dnb</subfield>
    </datafield>
    <datafield ind1="7" ind2=" " tag="016">
      <subfield code="2">DE-101</subfield>
      <subfield code="a">901068934</subfield>
    </datafield>
    <datafield ind1=" " ind2=" " tag="020">
      <subfield code="a">3135225054</subfield>
      <subfield code="c">kart. : DM 44.00</subfield>
      <subfield code="9">3-13-522505-4</subfield>
    </datafield>
    <datafield ind1=" " ind2=" " tag="035">
      <subfield code="a">(DE-599)DNB901068934</subfield>
    </datafield>
    <datafield ind1=" " ind2=" " tag="035">
      <subfield code="a">(OCoLC)610701385</subfield>
    </datafield>
    <datafield ind1=" " ind2=" " tag="040">
      <subfield code="a">1200</subfield>
      <subfield code="b">ger</subfield>
      <subfield code="c">DE-101</subfield>
      <subfield code="d">9999</subfield>
    </datafield>
    <datafield ind1=" " ind2=" " tag="041">
      <subfield code="a">ger</subfield>
    </datafield>
    <datafield ind1=" " ind2=" " tag="044">
      <subfield code="c">XA-DE</subfield>
    </datafield>
    <datafield ind1="7" ind2="4" tag="082">
      <subfield code="q">DE-101</subfield>
      <subfield code="2">22sdnb</subfield>
    </datafield>
    <datafield ind1=" " ind2=" " tag="084">
      <subfield code="a">33</subfield>
      <subfield code="a">610</subfield>
      <subfield code="q">DE-101</subfield>
      <subfield code="2">sdnb</subfield>
    </datafield>
    <datafield ind1=" " ind2=" " tag="084">
      <subfield code="a">27.10</subfield>
      <subfield code="q">DE-101</subfield>
      <subfield code="2">sswd</subfield>
    </datafield>
    <datafield ind1="1" ind2="0" tag="245">
      <subfield code="a">Checkliste viszerale Chirurgie</subfield>
      <subfield code="c">Felix Largiadèr ...</subfield>
    </datafield>
    <datafield ind1=" " ind2=" " tag="250">
      <subfield code="a">5., neubearb. und erw. Aufl.</subfield>
    </datafield>
    <datafield ind1=" " ind2=" " tag="259">
      <subfield code="a">15</subfield>
    </datafield>
    <datafield ind1="3" ind2=" " tag="260">
      <subfield code="a">Stuttgart</subfield>
      <subfield code="a">New York</subfield>
      <subfield code="b">Thieme</subfield>
      <subfield code="c">1990</subfield>
    </datafield>
    <datafield ind1=" " ind2=" " tag="300">
      <subfield code="a">XIV, 410 S.</subfield>
      <subfield code="b">166 Ill.</subfield>
      <subfield code="c">19 cm</subfield>
    </datafield>
    <datafield ind1="0" ind2=" " tag="490">
      <subfield code="a">Checklisten der aktuellen Medizin</subfield>
    </datafield>
    <datafield ind1=" " ind2="7" tag="650">
      <subfield code="0">(DE-588)4004714-3</subfield>
      <subfield code="0">(DE-101)040047148</subfield>
      <subfield code="a">Bauchchirurgie</subfield>
      <subfield code="2">gnd</subfield>
    </datafield>
    <datafield ind1="0" ind2="0" tag="689">
      <subfield code="0">(DE-588)4004714-3</subfield>
      <subfield code="0">(DE-101)040047148</subfield>
      <subfield code="D">s</subfield>
      <subfield code="a">Bauchchirurgie</subfield>
    </datafield>
    <datafield ind1="0" ind2=" " tag="689">
      <subfield code="5">DE-101</subfield>
      <subfield code="5">DE-101</subfield>
    </datafield>
    <datafield ind1="1" ind2=" " tag="700">
      <subfield code="0">(DE-588)116736720</subfield>
      <subfield code="0">(DE-101)116736720</subfield>
      <subfield code="a">Largiadèr, Felix</subfield>
      <subfield code="d">1930-</subfield>
      <subfield code="4">cre</subfield>
    </datafield>
  </record>