
  <record>
    <leader>01186nam a2200289 cc4500</leader>
    <controlfield tag="001">901157791</controlfield>
    <controlfield tag="003">DE-101</controlfield>
    <controlfield tag="005">20110906162401.0</controlfield>
    <controlfield tag="007">tu</controlfield>
    <controlfield tag="008">900903s1990    xx |||||r|||| 00||||ger  </controlfield>
    <datafield ind1=" " ind2=" " tag="015">
      <subfield code="a">90,B38,0187</subfield>
      <subfield code="2">dnb</subfield>
    </datafield>
    <datafield ind1="7" ind2=" " tag="016">
      <subfield code="2">DE-101</subfield>
      <subfield code="a">901157791</subfield>
    </datafield>
    <datafield ind1=" " ind2=" " tag="020">
      <subfield code="c">geh.</subfield>
    </datafield>
    <datafield ind1=" " ind2=" " tag="035">
      <subfield code="a">(DE-599)DNB901157791</subfield>
    </datafield>
    <datafield ind1=" " ind2=" " tag="035">
      <subfield code="a">(OCoLC)722153477</subfield>
    </datafield>
    <datafield ind1=" " ind2=" " tag="040">
      <subfield code="a">1200</subfield>
      <subfield code="b">ger</subfield>
      <subfield code="c">DE-101</subfield>
      <subfield code="d">0101</subfield>
    </datafield>
    <datafield ind1=" " ind2=" " tag="041">
      <subfield code="a">ger</subfield>
    </datafield>
    <datafield ind1=" " ind2=" " tag="044">
      <subfield code="c">XA-DDDE</subfield>
    </datafield>
    <datafield ind1="7" ind2="4" tag="082">
      <subfield code="a">624</subfield>
      <subfield code="q">DE-101</subfield>
      <subfield code="2">22sdnb</subfield>
    </datafield>
    <datafield ind1=" " ind2=" " tag="084">
      <subfield code="a">624</subfield>
      <subfield code="q">DE-101</subfield>
      <subfield code="2">sdnb</subfield>
    </datafield>
    <datafield ind1="1" ind2="0" tag="245">
      <subfield code="a">Lehrbriefe für das Hochschulfernstudium</subfield>
      <subfield code="n">[...]</subfield>
      <subfield code="p">Psychologie zur Ausbildung von Pädagogen für physisch-psychisch Geschädigte</subfield>
      <subfield code="n">Lehrbrief 12. Psychologische Studientexte zu Bedeutung und Aufgaben der Psychologie in der DDR und Auszüge zur Psychologie der Persönlichkeit</subfield>
      <subfield code="c">hrsg. von der Zentralstelle für das Hochschulfernstudium des Ministeriums für Hoch- und Fachschulwesen Dresden</subfield>
    </datafield>
    <datafield ind1=" " ind2=" " tag="250">
      <subfield code="a">1. Ausg., 1. Aufl.</subfield>
    </datafield>
    <datafield ind1=" " ind2=" " tag="259">
      <subfield code="a">11</subfield>
    </datafield>
    <datafield ind1="3" ind2=" " tag="260">
      <subfield code="a">Dresden</subfield>
      <subfield code="b">Zentralstelle für das Hochschulfernstudium</subfield>
      <subfield code="c">1990, [1990]</subfield>
    </datafield>
    <datafield ind1=" " ind2=" " tag="300">
      <subfield code="a">41 S.</subfield>
    </datafield>
    <datafield ind1="0" ind2="8" tag="773">
      <subfield code="q">psyzav 212</subfield>
      <subfield code="w">(DE-101)551413220</subfield>
    </datafield>
    <datafield ind1="4" ind2="2" tag="856">
      <subfield code="m">B:DE-101</subfield>
      <subfield code="q">application/pdf</subfield>
      <subfield code="u">http://d-nb.info/901157791/04</subfield>
      <subfield code="3">Inhaltsverzeichnis</subfield>
    </datafield>
  </record>