
  <record>
    <leader>01396nam a2200337 c 4500</leader>
    <controlfield tag="001">910164533</controlfield>
    <controlfield tag="003">DE-101</controlfield>
    <controlfield tag="005">20110618211355.0</controlfield>
    <controlfield tag="007">tu</controlfield>
    <controlfield tag="008">910129s1990    gw |||||r|||| 00||||ger  </controlfield>
    <datafield ind1=" " ind2=" " tag="015">
      <subfield code="a">91,B07,0610</subfield>
      <subfield code="2">dnb</subfield>
    </datafield>
    <datafield ind1="7" ind2=" " tag="016">
      <subfield code="2">DE-101</subfield>
      <subfield code="a">910164533</subfield>
    </datafield>
    <datafield ind1=" " ind2=" " tag="035">
      <subfield code="a">(DE-599)DNB910164533</subfield>
    </datafield>
    <datafield ind1=" " ind2=" " tag="035">
      <subfield code="a">(OCoLC)74904687</subfield>
    </datafield>
    <datafield ind1=" " ind2=" " tag="040">
      <subfield code="a">1200</subfield>
      <subfield code="b">ger</subfield>
      <subfield code="c">DE-101</subfield>
      <subfield code="d">9999</subfield>
    </datafield>
    <datafield ind1=" " ind2=" " tag="041">
      <subfield code="a">ger</subfield>
    </datafield>
    <datafield ind1=" " ind2=" " tag="044">
      <subfield code="c">XA-DE</subfield>
    </datafield>
    <datafield ind1="7" ind2="4" tag="082">
      <subfield code="q">DE-101</subfield>
      <subfield code="2">22sdnb</subfield>
    </datafield>
    <datafield ind1=" " ind2=" " tag="084">
      <subfield code="a">59</subfield>
      <subfield code="a">810</subfield>
      <subfield code="a">820</subfield>
      <subfield code="a">830</subfield>
      <subfield code="a">839</subfield>
      <subfield code="a">840</subfield>
      <subfield code="a">850</subfield>
      <subfield code="a">860</subfield>
      <subfield code="a">870</subfield>
      <subfield code="a">880</subfield>
      <subfield code="a">890</subfield>
      <subfield code="a">B</subfield>
      <subfield code="q">DE-101</subfield>
      <subfield code="2">sdnb</subfield>
    </datafield>
    <datafield ind1="1" ind2=" " tag="100">
      <subfield code="0">(DE-588)118528068</subfield>
      <subfield code="0">(DE-101)118528068</subfield>
      <subfield code="a">Dumas, Alexandre</subfield>
      <subfield code="d">1802-1870</subfield>
      <subfield code="4">aut</subfield>
    </datafield>
    <datafield ind1="1" ind2="0" tag="245">
      <subfield code="a">Die drei Musketiere</subfield>
      <subfield code="c">Alexandre Dumas. Neuübers. des ungekürzten Romans aus dem Franz. von Bernd Hagenau</subfield>
    </datafield>
    <datafield ind1="3" ind2=" " tag="260">
      <subfield code="a">Stuttgart</subfield>
      <subfield code="a">München</subfield>
      <subfield code="b">Dt. Bücherbund</subfield>
      <subfield code="c">1990</subfield>
    </datafield>
    <datafield ind1=" " ind2=" " tag="300">
      <subfield code="a">743 S.</subfield>
      <subfield code="c">25 cm</subfield>
    </datafield>
    <datafield ind1=" " ind2=" " tag="500">
      <subfield code="a">Satz: Typobauer, Scharnhausen. - Drucker: Franz Spiegel, Ulm. - Einbdentw. nach zeitgenöss. Vorbildern: Rathin Chattopadhyay u. Rainer Krause</subfield>
    </datafield>
    <datafield ind1="1" ind2=" " tag="700">
      <subfield code="0">(DE-588)111127793</subfield>
      <subfield code="0">(DE-101)111127793</subfield>
      <subfield code="a">Hagenau, Bernd</subfield>
      <subfield code="4">trl</subfield>
      <subfield code="e">Übers.</subfield>
    </datafield>
    <datafield ind1="1" ind2=" " tag="700">
      <subfield code="0">(DE-588)113847351</subfield>
      <subfield code="0">(DE-101)113847351</subfield>
      <subfield code="a">Frick, Ottmar</subfield>
      <subfield code="4">oth</subfield>
      <subfield code="e">Gestalter</subfield>
    </datafield>
    <datafield ind1="1" ind2=" " tag="700">
      <subfield code="0">(DE-588)106045156</subfield>
      <subfield code="0">(DE-101)106045156</subfield>
      <subfield code="a">Krause, Rainer</subfield>
      <subfield code="4">oth</subfield>
      <subfield code="e">Gestalter</subfield>
    </datafield>
    <datafield ind1="1" ind2=" " tag="700">
      <subfield code="a">Chattopadhyay, Rathin</subfield>
      <subfield code="4">oth</subfield>
      <subfield code="e">Gestalter</subfield>
    </datafield>
    <datafield ind1="2" ind2=" " tag="710">
      <subfield code="a">Typobauer, Scharnhausen</subfield>
    </datafield>
    <datafield ind1="2" ind2=" " tag="710">
      <subfield code="a">Franz Spiegel, Ulm</subfield>
    </datafield>
    <datafield ind1="0" ind2=" " tag="730">
      <subfield code="a">Les trois mousquetaires</subfield>
      <subfield code="g">dt.</subfield>
    </datafield>
  </record>