
  <record>
    <leader>01926nam a2200445 c 4500</leader>
    <controlfield tag="001">910424853</controlfield>
    <controlfield tag="003">DE-101</controlfield>
    <controlfield tag="005">20110918012310.0</controlfield>
    <controlfield tag="007">tu</controlfield>
    <controlfield tag="008">910326s1991    gw |||||r|||| 10||||ger  </controlfield>
    <datafield ind1=" " ind2=" " tag="015">
      <subfield code="a">91,A15,0200</subfield>
      <subfield code="2">dnb</subfield>
    </datafield>
    <datafield ind1="7" ind2=" " tag="016">
      <subfield code="2">DE-101</subfield>
      <subfield code="a">910424853</subfield>
    </datafield>
    <datafield ind1=" " ind2=" " tag="020">
      <subfield code="a">354097492X (Berlin ...)</subfield>
      <subfield code="c"> kart. : DM 74.00</subfield>
      <subfield code="9">3-540-97492-X</subfield>
    </datafield>
    <datafield ind1=" " ind2=" " tag="020">
      <subfield code="a">038797492X (New York ...)</subfield>
      <subfield code="c"> kart.</subfield>
      <subfield code="9">0-387-97492-X</subfield>
    </datafield>
    <datafield ind1=" " ind2=" " tag="035">
      <subfield code="a">(DE-599)DNB910424853</subfield>
    </datafield>
    <datafield ind1=" " ind2=" " tag="035">
      <subfield code="a">(OCoLC)246898499</subfield>
    </datafield>
    <datafield ind1=" " ind2=" " tag="040">
      <subfield code="a">1100</subfield>
      <subfield code="b">ger</subfield>
      <subfield code="c">DE-101</subfield>
      <subfield code="d">9999</subfield>
    </datafield>
    <datafield ind1=" " ind2=" " tag="041">
      <subfield code="a">ger</subfield>
    </datafield>
    <datafield ind1=" " ind2=" " tag="044">
      <subfield code="c">XA-DE</subfield>
    </datafield>
    <datafield ind1="7" ind2="4" tag="082">
      <subfield code="q">DE-101</subfield>
      <subfield code="2">22sdnb</subfield>
    </datafield>
    <datafield ind1=" " ind2=" " tag="084">
      <subfield code="a">11</subfield>
      <subfield code="a">14</subfield>
      <subfield code="a">150</subfield>
      <subfield code="q">DE-101</subfield>
      <subfield code="2">sdnb</subfield>
    </datafield>
    <datafield ind1=" " ind2=" " tag="084">
      <subfield code="a">5.3</subfield>
      <subfield code="a">9.3e</subfield>
      <subfield code="q">DE-101</subfield>
      <subfield code="2">sswd</subfield>
    </datafield>
    <datafield ind1=" " ind2=" " tag="090">
      <subfield code="a">b</subfield>
    </datafield>
    <datafield ind1="1" ind2="0" tag="245">
      <subfield code="a">New models, new extensions of attribution theory</subfield>
      <subfield code="c">the Third Attribution-Personality Theory Conference, CSPP-LA, 1988. Seymour L. Zelen, ed.</subfield>
    </datafield>
    <datafield ind1="3" ind2=" " tag="260">
      <subfield code="a">New York</subfield>
      <subfield code="a">Berlin</subfield>
      <subfield code="a">Heidelberg</subfield>
      <subfield code="a">London</subfield>
      <subfield code="a">Paris</subfield>
      <subfield code="a">Tokyo</subfield>
      <subfield code="a">Hong Kong</subfield>
      <subfield code="a">Barcelona</subfield>
      <subfield code="b">Springer</subfield>
      <subfield code="c">1991</subfield>
    </datafield>
    <datafield ind1=" " ind2=" " tag="300">
      <subfield code="a">VIII, 212 S.</subfield>
      <subfield code="b">graph. Darst.</subfield>
      <subfield code="c">24 cm</subfield>
    </datafield>
    <datafield ind1="0" ind2=" " tag="490">
      <subfield code="a">Recent research in psychology</subfield>
    </datafield>
    <datafield ind1=" " ind2="7" tag="650">
      <subfield code="0">(DE-588)4122349-4</subfield>
      <subfield code="0">(DE-101)041223497</subfield>
      <subfield code="a">Selbstdarstellung</subfield>
      <subfield code="2">gnd</subfield>
    </datafield>
    <datafield ind1=" " ind2="7" tag="650">
      <subfield code="0">(DE-588)4131194-2</subfield>
      <subfield code="0">(DE-101)041311949</subfield>
      <subfield code="a">Attribution</subfield>
      <subfield code="2">gnd</subfield>
    </datafield>
    <datafield ind1=" " ind2="7" tag="655">
      <subfield code="a">Kongress</subfield>
      <subfield code="z">LosAngeles &lt;Calif., 1988&gt;</subfield>
      <subfield code="2">gnd</subfield>
    </datafield>
    <datafield ind1="0" ind2="0" tag="689">
      <subfield code="0">(DE-588)4122349-4</subfield>
      <subfield code="0">(DE-101)041223497</subfield>
      <subfield code="D">s</subfield>
      <subfield code="a">Selbstdarstellung</subfield>
    </datafield>
    <datafield ind1="0" ind2="1" tag="689">
      <subfield code="0">(DE-588)4131194-2</subfield>
      <subfield code="0">(DE-101)041311949</subfield>
      <subfield code="D">s</subfield>
      <subfield code="a">Attribution</subfield>
    </datafield>
    <datafield ind1="0" ind2="2" tag="689">
      <subfield code="A">f</subfield>
      <subfield code="a">Kongress</subfield>
    </datafield>
    <datafield ind1="0" ind2="3" tag="689">
      <subfield code="A">g</subfield>
      <subfield code="a">LosAngeles &lt;Calif., 1988&gt;</subfield>
    </datafield>
    <datafield ind1="0" ind2=" " tag="689">
      <subfield code="5">DE-101</subfield>
      <subfield code="5">DE-101</subfield>
    </datafield>
    <datafield ind1="1" ind2=" " tag="700">
      <subfield code="0">(DE-588)112415199</subfield>
      <subfield code="0">(DE-101)112415199</subfield>
      <subfield code="a">Zelen, Seymour L.</subfield>
      <subfield code="4">edt</subfield>
      <subfield code="e">Hrsg.</subfield>
    </datafield>
    <datafield ind1="2" ind2=" " tag="710">
      <subfield code="0">(DE-588)2100927-2</subfield>
      <subfield code="0">(DE-101)007494203</subfield>
      <subfield code="a">California School of Professional Psychology</subfield>
      <subfield code="g">Los Angeles, Calif.</subfield>
    </datafield>
    <datafield ind1="2" ind2=" " tag="711">
      <subfield code="0">(DE-588)2115996-8</subfield>
      <subfield code="0">(DE-101)007634889</subfield>
      <subfield code="a">Attribution Personality Theory Conference</subfield>
      <subfield code="n">3</subfield>
      <subfield code="d">1988</subfield>
      <subfield code="c">Los Angeles, Calif.</subfield>
    </datafield>
    <datafield ind1="0" ind2=" " tag="730">
      <subfield code="a">Literaturangaben</subfield>
    </datafield>
    <datafield ind1="0" ind2="8" tag="775">
      <subfield code="i">Online-Ausg.</subfield>
      <subfield code="t">New Models, New Extensions of Attribution Theory</subfield>
      <subfield code="w">(DE-101)1015290930</subfield>
    </datafield>
  </record>