
  <record>
    <leader>01504nam a2200385 c 4500</leader>
    <controlfield tag="001">910457980</controlfield>
    <controlfield tag="003">DE-101</controlfield>
    <controlfield tag="005">20110917012435.0</controlfield>
    <controlfield tag="007">tu</controlfield>
    <controlfield tag="008">910403s1991    gw |||||r|||| 00||||ger  </controlfield>
    <datafield ind1=" " ind2=" " tag="015">
      <subfield code="a">91,A16,0226</subfield>
      <subfield code="2">dnb</subfield>
    </datafield>
    <datafield ind1="7" ind2=" " tag="016">
      <subfield code="2">DE-101</subfield>
      <subfield code="a">910457980</subfield>
    </datafield>
    <datafield ind1=" " ind2=" " tag="020">
      <subfield code="a">3540974385 (Berlin ...)</subfield>
      <subfield code="c"> kart. : DM 48.00</subfield>
      <subfield code="9">3-540-97438-5</subfield>
    </datafield>
    <datafield ind1=" " ind2=" " tag="020">
      <subfield code="a">0387974385 (New York ...)</subfield>
      <subfield code="c"> kart.</subfield>
      <subfield code="9">0-387-97438-5</subfield>
    </datafield>
    <datafield ind1=" " ind2=" " tag="035">
      <subfield code="a">(DE-599)DNB910457980</subfield>
    </datafield>
    <datafield ind1=" " ind2=" " tag="035">
      <subfield code="a">(OCoLC)722008500</subfield>
    </datafield>
    <datafield ind1=" " ind2=" " tag="040">
      <subfield code="a">1100</subfield>
      <subfield code="b">ger</subfield>
      <subfield code="c">DE-101</subfield>
      <subfield code="d">9999</subfield>
    </datafield>
    <datafield ind1=" " ind2=" " tag="041">
      <subfield code="a">ger</subfield>
    </datafield>
    <datafield ind1=" " ind2=" " tag="044">
      <subfield code="c">XA-DE</subfield>
    </datafield>
    <datafield ind1="7" ind2="4" tag="082">
      <subfield code="q">DE-101</subfield>
      <subfield code="2">22sdnb</subfield>
    </datafield>
    <datafield ind1=" " ind2=" " tag="084">
      <subfield code="a">11</subfield>
      <subfield code="a">14</subfield>
      <subfield code="a">150</subfield>
      <subfield code="q">DE-101</subfield>
      <subfield code="2">sdnb</subfield>
    </datafield>
    <datafield ind1=" " ind2=" " tag="084">
      <subfield code="a">5.1b</subfield>
      <subfield code="a">9.2b</subfield>
      <subfield code="q">DE-101</subfield>
      <subfield code="2">sswd</subfield>
    </datafield>
    <datafield ind1=" " ind2=" " tag="090">
      <subfield code="a">b</subfield>
    </datafield>
    <datafield ind1="1" ind2=" " tag="100">
      <subfield code="0">(DE-588)112659918</subfield>
      <subfield code="0">(DE-101)112659918</subfield>
      <subfield code="a">Lanning, Kevin</subfield>
      <subfield code="4">aut</subfield>
    </datafield>
    <datafield ind1="1" ind2="0" tag="245">
      <subfield code="a">Consistency, scalability, and personality measurement</subfield>
      <subfield code="c">Kevin Lanning</subfield>
    </datafield>
    <datafield ind1="3" ind2=" " tag="260">
      <subfield code="a">New York</subfield>
      <subfield code="a">Berlin</subfield>
      <subfield code="a">Heidelberg</subfield>
      <subfield code="a">London</subfield>
      <subfield code="a">Paris</subfield>
      <subfield code="a">Tokyo</subfield>
      <subfield code="a">Hong Kong</subfield>
      <subfield code="a">Barcelona</subfield>
      <subfield code="b">Springer</subfield>
      <subfield code="c">1991</subfield>
    </datafield>
    <datafield ind1=" " ind2=" " tag="300">
      <subfield code="a">VIII, 157 S.</subfield>
      <subfield code="b">graph. Darst.</subfield>
      <subfield code="c">24 cm</subfield>
    </datafield>
    <datafield ind1="0" ind2=" " tag="490">
      <subfield code="a">Recent research in psychology</subfield>
    </datafield>
    <datafield ind1=" " ind2=" " tag="500">
      <subfield code="a">Literaturverz. S. 135 - 144</subfield>
    </datafield>
    <datafield ind1=" " ind2="7" tag="650">
      <subfield code="0">(DE-588)4173861-5</subfield>
      <subfield code="0">(DE-101)041738616</subfield>
      <subfield code="a">Persönlichkeitsdiagnostik</subfield>
      <subfield code="2">gnd</subfield>
    </datafield>
    <datafield ind1=" " ind2="7" tag="650">
      <subfield code="0">(DE-588)4055202-0</subfield>
      <subfield code="0">(DE-101)040552020</subfield>
      <subfield code="a">Skalierung</subfield>
      <subfield code="2">gnd</subfield>
    </datafield>
    <datafield ind1="0" ind2="0" tag="689">
      <subfield code="0">(DE-588)4173861-5</subfield>
      <subfield code="0">(DE-101)041738616</subfield>
      <subfield code="D">s</subfield>
      <subfield code="a">Persönlichkeitsdiagnostik</subfield>
    </datafield>
    <datafield ind1="0" ind2="1" tag="689">
      <subfield code="0">(DE-588)4055202-0</subfield>
      <subfield code="0">(DE-101)040552020</subfield>
      <subfield code="D">s</subfield>
      <subfield code="a">Skalierung</subfield>
    </datafield>
    <datafield ind1="0" ind2=" " tag="689">
      <subfield code="5">DE-101</subfield>
      <subfield code="5">DE-101</subfield>
    </datafield>
    <datafield ind1="0" ind2="8" tag="775">
      <subfield code="i">Online-Ausg.</subfield>
      <subfield code="t">Consistency, Scalability, and Personality Measurement</subfield>
      <subfield code="w">(DE-101)1015250998</subfield>
    </datafield>
  </record>