
  <record>
    <leader>00843nam a2200241 c 4500</leader>
    <controlfield tag="001">910537054</controlfield>
    <controlfield tag="003">DE-101</controlfield>
    <controlfield tag="005">20071230124858.0</controlfield>
    <controlfield tag="007">tu</controlfield>
    <controlfield tag="008">910415s1977    gw |||||r|||| 00||||ger  </controlfield>
    <datafield ind1=" " ind2=" " tag="015">
      <subfield code="a">91,B18,0552</subfield>
      <subfield code="2">dnb</subfield>
    </datafield>
    <datafield ind1="7" ind2=" " tag="016">
      <subfield code="2">DE-101</subfield>
      <subfield code="a">910537054</subfield>
    </datafield>
    <datafield ind1=" " ind2=" " tag="035">
      <subfield code="a">(DE-599)DNB910537054</subfield>
    </datafield>
    <datafield ind1=" " ind2=" " tag="035">
      <subfield code="a">(OCoLC)74947075</subfield>
    </datafield>
    <datafield ind1=" " ind2=" " tag="040">
      <subfield code="a">1200</subfield>
      <subfield code="b">ger</subfield>
      <subfield code="c">DE-101</subfield>
      <subfield code="d">9999</subfield>
    </datafield>
    <datafield ind1=" " ind2=" " tag="041">
      <subfield code="a">ger</subfield>
    </datafield>
    <datafield ind1=" " ind2=" " tag="044">
      <subfield code="c">XA-DE</subfield>
    </datafield>
    <datafield ind1="7" ind2="4" tag="082">
      <subfield code="q">DE-101</subfield>
      <subfield code="2">22sdnb</subfield>
    </datafield>
    <datafield ind1=" " ind2=" " tag="084">
      <subfield code="a">59</subfield>
      <subfield code="a">810</subfield>
      <subfield code="a">820</subfield>
      <subfield code="a">830</subfield>
      <subfield code="a">839</subfield>
      <subfield code="a">840</subfield>
      <subfield code="a">850</subfield>
      <subfield code="a">860</subfield>
      <subfield code="a">870</subfield>
      <subfield code="a">880</subfield>
      <subfield code="a">890</subfield>
      <subfield code="a">B</subfield>
      <subfield code="q">DE-101</subfield>
      <subfield code="2">sdnb</subfield>
    </datafield>
    <datafield ind1="1" ind2=" " tag="100">
      <subfield code="0">(DE-588)112722008</subfield>
      <subfield code="0">(DE-101)112722008</subfield>
      <subfield code="a">Kac, R.</subfield>
      <subfield code="4">aut</subfield>
    </datafield>
    <datafield ind1="1" ind2="0" tag="245">
      <subfield code="a">Die drei Musketiere</subfield>
      <subfield code="b">romantische Komödie für Pioniere in 2 Teilen</subfield>
      <subfield code="c">von R. Kac ; E. Sazonow. Aus dem Russ. übers. von Katharina und Johannes Mahling</subfield>
    </datafield>
    <datafield ind1="3" ind2=" " tag="260">
      <subfield code="a">Dresden</subfield>
      <subfield code="b">Bezirkskabinett für Kulturarbeit</subfield>
      <subfield code="c">1977, [1977]</subfield>
    </datafield>
    <datafield ind1=" " ind2=" " tag="300">
      <subfield code="a">69 S.</subfield>
      <subfield code="c">21 cm</subfield>
    </datafield>
  </record>