
  <record>
    <leader>01094pam a2200301 c 4500</leader>
    <controlfield tag="001">911421165</controlfield>
    <controlfield tag="003">DE-101</controlfield>
    <controlfield tag="005">20071230161835.0</controlfield>
    <controlfield tag="007">tu</controlfield>
    <controlfield tag="008">911023s1991    gw |||||r|||| 00||||ger  </controlfield>
    <datafield ind1=" " ind2=" " tag="015">
      <subfield code="a">92,A13,1263</subfield>
      <subfield code="z">91,N46,0422</subfield>
      <subfield code="2">dnb</subfield>
    </datafield>
    <datafield ind1="7" ind2=" " tag="016">
      <subfield code="2">DE-101</subfield>
      <subfield code="a">911421165</subfield>
    </datafield>
    <datafield ind1=" " ind2=" " tag="020">
      <subfield code="a">360895855X</subfield>
      <subfield code="c">Gewebe : DM 68.00</subfield>
      <subfield code="9">3-608-95855-X</subfield>
    </datafield>
    <datafield ind1=" " ind2=" " tag="035">
      <subfield code="a">(DE-599)DNB911421165</subfield>
    </datafield>
    <datafield ind1=" " ind2=" " tag="035">
      <subfield code="a">(OCoLC)631599477</subfield>
    </datafield>
    <datafield ind1=" " ind2=" " tag="040">
      <subfield code="a">1200</subfield>
      <subfield code="b">ger</subfield>
      <subfield code="c">DE-101</subfield>
      <subfield code="d">9999</subfield>
    </datafield>
    <datafield ind1=" " ind2=" " tag="041">
      <subfield code="a">ger</subfield>
    </datafield>
    <datafield ind1=" " ind2=" " tag="044">
      <subfield code="c">XA-DE</subfield>
    </datafield>
    <datafield ind1="7" ind2="4" tag="082">
      <subfield code="q">DE-101</subfield>
      <subfield code="2">22sdnb</subfield>
    </datafield>
    <datafield ind1=" " ind2=" " tag="084">
      <subfield code="a">59</subfield>
      <subfield code="a">810</subfield>
      <subfield code="a">820</subfield>
      <subfield code="a">830</subfield>
      <subfield code="a">839</subfield>
      <subfield code="a">840</subfield>
      <subfield code="a">850</subfield>
      <subfield code="a">860</subfield>
      <subfield code="a">870</subfield>
      <subfield code="a">880</subfield>
      <subfield code="a">890</subfield>
      <subfield code="a">B</subfield>
      <subfield code="q">DE-101</subfield>
      <subfield code="2">sdnb</subfield>
    </datafield>
    <datafield ind1="1" ind2=" " tag="100">
      <subfield code="0">(DE-588)118623222</subfield>
      <subfield code="0">(DE-101)118623222</subfield>
      <subfield code="a">Tolkien, J. R. R.</subfield>
      <subfield code="d">1892-1973</subfield>
      <subfield code="4">aut</subfield>
    </datafield>
    <datafield ind1="1" ind2="0" tag="245">
      <subfield code="a">Der Herr der Ringe</subfield>
      <subfield code="c">J. R. R. Tolkien. [Aus dem Engl. übers. von Margaret Carroux. Gedichtübertr. von E.-M. von Freymann. Korrigiert und überarb. von Roswith Krege-Mayer]</subfield>
    </datafield>
    <datafield ind1=" " ind2=" " tag="250">
      <subfield code="a">Überarb. einbd. dt. Ausg.</subfield>
    </datafield>
    <datafield ind1=" " ind2=" " tag="259">
      <subfield code="a">uebeda</subfield>
    </datafield>
    <datafield ind1="3" ind2=" " tag="260">
      <subfield code="a">Stuttgart</subfield>
      <subfield code="b">Klett-Cotta</subfield>
      <subfield code="c">1991</subfield>
    </datafield>
    <datafield ind1=" " ind2=" " tag="300">
      <subfield code="a">1177 S.</subfield>
      <subfield code="b">Ill.</subfield>
      <subfield code="c">22 cm</subfield>
      <subfield code="e">Kt.-Beil. ([2] Bl.)</subfield>
    </datafield>
    <datafield ind1="0" ind2=" " tag="730">
      <subfield code="a">The lord of the rings</subfield>
      <subfield code="g">dt.</subfield>
    </datafield>
    <datafield ind1="r" ind2=" " tag="925">
      <subfield code="a">ra</subfield>
    </datafield>
  </record>