
  <record>
    <leader>01057nam a2200289 c 4500</leader>
    <controlfield tag="001">920132634</controlfield>
    <controlfield tag="003">DE-101</controlfield>
    <controlfield tag="005">20071230170817.0</controlfield>
    <controlfield tag="007">tu</controlfield>
    <controlfield tag="008">920108s1991    gw |||||r|||| 00||||ger  </controlfield>
    <datafield ind1=" " ind2=" " tag="015">
      <subfield code="a">92,B06,0023</subfield>
      <subfield code="2">dnb</subfield>
    </datafield>
    <datafield ind1="7" ind2=" " tag="016">
      <subfield code="2">DE-101</subfield>
      <subfield code="a">920132634</subfield>
    </datafield>
    <datafield ind1=" " ind2=" " tag="020">
      <subfield code="c">kart.</subfield>
    </datafield>
    <datafield ind1=" " ind2=" " tag="035">
      <subfield code="a">(DE-599)DNB920132634</subfield>
    </datafield>
    <datafield ind1=" " ind2=" " tag="035">
      <subfield code="a">(OCoLC)246830509</subfield>
    </datafield>
    <datafield ind1=" " ind2=" " tag="040">
      <subfield code="a">1200</subfield>
      <subfield code="b">ger</subfield>
      <subfield code="c">DE-101</subfield>
      <subfield code="d">9999</subfield>
    </datafield>
    <datafield ind1=" " ind2=" " tag="041">
      <subfield code="a">ger</subfield>
    </datafield>
    <datafield ind1=" " ind2=" " tag="044">
      <subfield code="c">XA-DE</subfield>
    </datafield>
    <datafield ind1="7" ind2="4" tag="082">
      <subfield code="q">DE-101</subfield>
      <subfield code="2">22sdnb</subfield>
    </datafield>
    <datafield ind1=" " ind2=" " tag="084">
      <subfield code="a">11</subfield>
      <subfield code="a">150</subfield>
      <subfield code="q">DE-101</subfield>
      <subfield code="2">sdnb</subfield>
    </datafield>
    <datafield ind1="1" ind2=" " tag="100">
      <subfield code="0">(DE-588)109728408</subfield>
      <subfield code="0">(DE-101)109728408</subfield>
      <subfield code="a">Bartussek, Dieter</subfield>
      <subfield code="4">aut</subfield>
    </datafield>
    <datafield ind1="1" ind2="0" tag="245">
      <subfield code="a">Sechzig Jahre faktorenanalytische Persönlichkeitsforschung</subfield>
      <subfield code="b">ein Überblick über die vier Gesamtsysteme der Persönlichkeit</subfield>
      <subfield code="c">Dieter Bartussek. [Universität Trier, Fachbereich I, Psychologie]</subfield>
    </datafield>
    <datafield ind1="3" ind2=" " tag="260">
      <subfield code="a">Trier</subfield>
      <subfield code="b">Univ., Fachbereich I</subfield>
      <subfield code="c">1991</subfield>
    </datafield>
    <datafield ind1=" " ind2=" " tag="300">
      <subfield code="a">42 Bl.</subfield>
      <subfield code="c">29 cm</subfield>
    </datafield>
    <datafield ind1="1" ind2=" " tag="490">
      <subfield code="a">Trierer psychologische Berichte</subfield>
      <subfield code="v">Bd. 18, H. 5</subfield>
    </datafield>
    <datafield ind1=" " ind2=" " tag="500">
      <subfield code="a">Literaturverz. Bl. 27 - 42</subfield>
    </datafield>
    <datafield ind1=" " ind2="0" tag="830">
      <subfield code="a">Trierer psychologische Berichte</subfield>
      <subfield code="v">Bd. 18, H. 5</subfield>
      <subfield code="w">(DE-101)013187465</subfield>
      <subfield code="w">(DE-600)567902-3</subfield>
      <subfield code="9">218 15</subfield>
    </datafield>
  </record>