
  <record>
    <leader>01089nam a2200277 c 4500</leader>
    <controlfield tag="001">920542409</controlfield>
    <controlfield tag="003">DE-101</controlfield>
    <controlfield tag="005">20071230183351.0</controlfield>
    <controlfield tag="007">tu</controlfield>
    <controlfield tag="008">920414s1991    gw |||||r|||| 00||||ger  </controlfield>
    <datafield ind1=" " ind2=" " tag="015">
      <subfield code="a">92,B20,0026</subfield>
      <subfield code="2">dnb</subfield>
    </datafield>
    <datafield ind1="7" ind2=" " tag="016">
      <subfield code="2">DE-101</subfield>
      <subfield code="a">920542409</subfield>
    </datafield>
    <datafield ind1=" " ind2=" " tag="020">
      <subfield code="c">kart.</subfield>
    </datafield>
    <datafield ind1=" " ind2=" " tag="035">
      <subfield code="a">(DE-599)DNB920542409</subfield>
    </datafield>
    <datafield ind1=" " ind2=" " tag="035">
      <subfield code="a">(OCoLC)46154598</subfield>
    </datafield>
    <datafield ind1=" " ind2=" " tag="040">
      <subfield code="a">1100</subfield>
      <subfield code="b">ger</subfield>
      <subfield code="c">DE-101</subfield>
      <subfield code="d">9999</subfield>
    </datafield>
    <datafield ind1=" " ind2=" " tag="041">
      <subfield code="a">ger</subfield>
    </datafield>
    <datafield ind1=" " ind2=" " tag="044">
      <subfield code="c">XA-DE</subfield>
    </datafield>
    <datafield ind1="7" ind2="4" tag="082">
      <subfield code="q">DE-101</subfield>
      <subfield code="2">22sdnb</subfield>
    </datafield>
    <datafield ind1=" " ind2=" " tag="084">
      <subfield code="a">11</subfield>
      <subfield code="a">18</subfield>
      <subfield code="a">150</subfield>
      <subfield code="q">DE-101</subfield>
      <subfield code="2">sdnb</subfield>
    </datafield>
    <datafield ind1="1" ind2=" " tag="100">
      <subfield code="0">(DE-588)128372222</subfield>
      <subfield code="0">(DE-101)128372222</subfield>
      <subfield code="a">Wieland, Rainer</subfield>
      <subfield code="d">1949-</subfield>
      <subfield code="4">aut</subfield>
    </datafield>
    <datafield ind1="1" ind2="0" tag="245">
      <subfield code="a">Strategien der Belastungsbewältigung im Spannungsfeld von Arbeit, Erholung und Persönlichkeit</subfield>
      <subfield code="c">Rainer Wieland-Eckelmann. [Bergische Universität, Gesamthochschule Wuppertal, Fachbereich 3, Fach Psychologie]</subfield>
    </datafield>
    <datafield ind1="3" ind2=" " tag="260">
      <subfield code="a">Wuppertal</subfield>
      <subfield code="b">Bergische Univ., Gesamthochsch., Fach Psychologie</subfield>
      <subfield code="c">1991</subfield>
    </datafield>
    <datafield ind1=" " ind2=" " tag="300">
      <subfield code="a">19 Bl.</subfield>
      <subfield code="b">graph. Darst.</subfield>
      <subfield code="c">29 cm</subfield>
    </datafield>
    <datafield ind1="1" ind2=" " tag="490">
      <subfield code="a">Wuppertaler psychologische Berichte</subfield>
      <subfield code="v">Bd. 2, H. 2</subfield>
    </datafield>
    <datafield ind1=" " ind2="0" tag="830">
      <subfield code="a">Wuppertaler psychologische Berichte</subfield>
      <subfield code="v">Bd. 2, H. 2</subfield>
      <subfield code="w">(DE-101)01447624X</subfield>
      <subfield code="w">(DE-600)805600-6</subfield>
      <subfield code="9">12 12</subfield>
    </datafield>
  </record>