
  <record>
    <leader>01417nam a2200349 c 4500</leader>
    <controlfield tag="001">920695078</controlfield>
    <controlfield tag="003">DE-101</controlfield>
    <controlfield tag="005">20090202110121.0</controlfield>
    <controlfield tag="007">tu</controlfield>
    <controlfield tag="008">920513s1992    gw |||||r|||| 00||||ger  </controlfield>
    <datafield ind1=" " ind2=" " tag="015">
      <subfield code="a">92,A24,0159</subfield>
      <subfield code="2">dnb</subfield>
    </datafield>
    <datafield ind1="7" ind2=" " tag="016">
      <subfield code="2">DE-101</subfield>
      <subfield code="a">920695078</subfield>
    </datafield>
    <datafield ind1=" " ind2=" " tag="020">
      <subfield code="a">3453057333</subfield>
      <subfield code="c">kart. : DM 18.80</subfield>
      <subfield code="9">3-453-05733-3</subfield>
    </datafield>
    <datafield ind1=" " ind2=" " tag="035">
      <subfield code="a">(DE-599)DNB920695078</subfield>
    </datafield>
    <datafield ind1=" " ind2=" " tag="035">
      <subfield code="a">(OCoLC)75265377</subfield>
    </datafield>
    <datafield ind1=" " ind2=" " tag="040">
      <subfield code="a">1200</subfield>
      <subfield code="b">ger</subfield>
      <subfield code="c">DE-101</subfield>
      <subfield code="d">1240</subfield>
      <subfield code="e">rakwb</subfield>
    </datafield>
    <datafield ind1=" " ind2=" " tag="041">
      <subfield code="a">ger</subfield>
    </datafield>
    <datafield ind1=" " ind2=" " tag="044">
      <subfield code="c">XA-DE</subfield>
    </datafield>
    <datafield ind1="7" ind2="4" tag="082">
      <subfield code="q">DE-101</subfield>
      <subfield code="2">22sdnb</subfield>
    </datafield>
    <datafield ind1=" " ind2=" " tag="084">
      <subfield code="a">10</subfield>
      <subfield code="a">11</subfield>
      <subfield code="a">100</subfield>
      <subfield code="q">DE-101</subfield>
      <subfield code="2">sdnb</subfield>
    </datafield>
    <datafield ind1=" " ind2=" " tag="084">
      <subfield code="a">5.7</subfield>
      <subfield code="q">DE-101</subfield>
      <subfield code="2">sswd</subfield>
    </datafield>
    <datafield ind1="1" ind2=" " tag="100">
      <subfield code="0">(DE-588)115540717</subfield>
      <subfield code="0">(DE-101)115540717</subfield>
      <subfield code="a">Rudhyar, Dane</subfield>
      <subfield code="d">1895-1985</subfield>
      <subfield code="4">aut</subfield>
    </datafield>
    <datafield ind1="1" ind2="0" tag="245">
      <subfield code="a">Astrologie der Persönlichkeit</subfield>
      <subfield code="b">ein neues Verständnis astrologischer Konzepte in Bezug auf zeitgenössische Psychologie und Philosophie</subfield>
      <subfield code="c">Dane Rudhyar. [Aus dem Amerikan. übertr. und hrsg. von Wulfing von Rohr]</subfield>
    </datafield>
    <datafield ind1="3" ind2=" " tag="260">
      <subfield code="a">München</subfield>
      <subfield code="b">Heyne</subfield>
      <subfield code="c">1992</subfield>
    </datafield>
    <datafield ind1=" " ind2=" " tag="300">
      <subfield code="a">603 S.</subfield>
      <subfield code="c">18 cm</subfield>
    </datafield>
    <datafield ind1="1" ind2=" " tag="490">
      <subfield code="a">Heyne-Bücher</subfield>
      <subfield code="v">08, Heyne esoterisches Wissen ; Nr. 9603</subfield>
    </datafield>
    <datafield ind1=" " ind2=" " tag="500">
      <subfield code="a">Lizenz des Hugendubel-Verl., München</subfield>
    </datafield>
    <datafield ind1=" " ind2="7" tag="650">
      <subfield code="0">(DE-588)4003305-3</subfield>
      <subfield code="0">(DE-101)040033058</subfield>
      <subfield code="a">Astrologie</subfield>
      <subfield code="2">gnd</subfield>
    </datafield>
    <datafield ind1="0" ind2="0" tag="689">
      <subfield code="0">(DE-588)4003305-3</subfield>
      <subfield code="0">(DE-101)040033058</subfield>
      <subfield code="D">s</subfield>
      <subfield code="a">Astrologie</subfield>
    </datafield>
    <datafield ind1="0" ind2=" " tag="689">
      <subfield code="5">DE-101</subfield>
      <subfield code="5">DE-101</subfield>
    </datafield>
    <datafield ind1="0" ind2=" " tag="730">
      <subfield code="a">The astrology of personality</subfield>
      <subfield code="g">dt.</subfield>
    </datafield>
    <datafield ind1=" " ind2="0" tag="830">
      <subfield code="a">Heyne-Bücher / 8</subfield>
      <subfield code="n">8</subfield>
      <subfield code="p">Heyne-Ratgeber</subfield>
      <subfield code="t">Heyne-Bücher</subfield>
      <subfield code="v">Nr. 9603</subfield>
      <subfield code="w">(DE-101)016697421</subfield>
      <subfield code="w">(DE-600)1140941-1</subfield>
      <subfield code="9">49603</subfield>
    </datafield>
  </record>