
  <record>
    <leader>00773nam a2200277 cc4500</leader>
    <controlfield tag="001">921463790</controlfield>
    <controlfield tag="003">DE-101</controlfield>
    <controlfield tag="005">20080718230200.0</controlfield>
    <controlfield tag="007">tu</controlfield>
    <controlfield tag="008">921016s1992    gw |||||r|||| 00||||ger  </controlfield>
    <datafield ind1=" " ind2=" " tag="015">
      <subfield code="a">92,A49,0919</subfield>
      <subfield code="2">dnb</subfield>
    </datafield>
    <datafield ind1="7" ind2=" " tag="016">
      <subfield code="2">DE-101</subfield>
      <subfield code="a">921463790</subfield>
    </datafield>
    <datafield ind1=" " ind2=" " tag="020">
      <subfield code="c">geh.</subfield>
    </datafield>
    <datafield ind1=" " ind2=" " tag="035">
      <subfield code="a">(DE-599)DNB921463790</subfield>
    </datafield>
    <datafield ind1=" " ind2=" " tag="035">
      <subfield code="a">(OCoLC)722084662</subfield>
    </datafield>
    <datafield ind1=" " ind2=" " tag="040">
      <subfield code="a">1200</subfield>
      <subfield code="b">ger</subfield>
      <subfield code="c">DE-101</subfield>
      <subfield code="d">9999</subfield>
      <subfield code="e">rakwb</subfield>
    </datafield>
    <datafield ind1=" " ind2=" " tag="041">
      <subfield code="a">ger</subfield>
    </datafield>
    <datafield ind1=" " ind2=" " tag="044">
      <subfield code="c">XA-DE</subfield>
    </datafield>
    <datafield ind1="7" ind2="4" tag="082">
      <subfield code="a">08</subfield>
      <subfield code="q">DE-101</subfield>
      <subfield code="2">22sdnb</subfield>
    </datafield>
    <datafield ind1=" " ind2=" " tag="084">
      <subfield code="a">08</subfield>
      <subfield code="q">DE-101</subfield>
      <subfield code="2">sdnb</subfield>
    </datafield>
    <datafield ind1="1" ind2="0" tag="245">
      <subfield code="a">Illustrierte Klassiker</subfield>
      <subfield code="n">[...]</subfield>
      <subfield code="p">Die spannendsten Geschichten der Weltliteratur</subfield>
      <subfield code="n">Nr. 14.</subfield>
      <subfield code="p">Ben Hur / Lew Wallace</subfield>
    </datafield>
    <datafield ind1="3" ind2=" " tag="260">
      <subfield code="a">[Schönau]</subfield>
      <subfield code="b">Hethke</subfield>
      <subfield code="c">1992</subfield>
    </datafield>
    <datafield ind1=" " ind2=" " tag="300">
      <subfield code="a">[48] S.</subfield>
    </datafield>
    <datafield ind1="0" ind2="8" tag="773">
      <subfield code="q">spgdw 214</subfield>
      <subfield code="w">(DE-101)940281546</subfield>
    </datafield>
    <datafield ind1=" " ind2=" " tag="889">
      <subfield code="w">(DE-101)551964235</subfield>
    </datafield>
    <datafield ind1="r" ind2=" " tag="925">
      <subfield code="a">ra</subfield>
    </datafield>
  </record>