
  <record>
    <leader>01261nam a2200349 c 4500</leader>
    <controlfield tag="001">930528085</controlfield>
    <controlfield tag="003">DE-101</controlfield>
    <controlfield tag="005">20081029010303.0</controlfield>
    <controlfield tag="007">v||||||||</controlfield>
    <controlfield tag="007">tu</controlfield>
    <controlfield tag="008">930317s1992    gw |||||r|||| 00||||ger  </controlfield>
    <datafield ind1=" " ind2=" " tag="015">
      <subfield code="a">93,A15,1076</subfield>
      <subfield code="2">dnb</subfield>
    </datafield>
    <datafield ind1="7" ind2=" " tag="016">
      <subfield code="2">DE-101</subfield>
      <subfield code="a">930528085</subfield>
    </datafield>
    <datafield ind1=" " ind2=" " tag="020">
      <subfield code="c">Best.-Nr. 50652</subfield>
    </datafield>
    <datafield ind1=" " ind2=" " tag="035">
      <subfield code="a">(DE-599)DNB930528085</subfield>
    </datafield>
    <datafield ind1=" " ind2=" " tag="035">
      <subfield code="a">(OCoLC)75316474</subfield>
    </datafield>
    <datafield ind1=" " ind2=" " tag="040">
      <subfield code="a">1200</subfield>
      <subfield code="b">ger</subfield>
      <subfield code="c">DE-101</subfield>
      <subfield code="d">9999</subfield>
    </datafield>
    <datafield ind1=" " ind2=" " tag="041">
      <subfield code="a">ger</subfield>
    </datafield>
    <datafield ind1=" " ind2=" " tag="044">
      <subfield code="c">XA-DE</subfield>
    </datafield>
    <datafield ind1="7" ind2="4" tag="082">
      <subfield code="q">DE-101</subfield>
      <subfield code="2">22sdnb</subfield>
    </datafield>
    <datafield ind1=" " ind2=" " tag="084">
      <subfield code="a">49</subfield>
      <subfield code="a">790</subfield>
      <subfield code="a">791</subfield>
      <subfield code="a">792</subfield>
      <subfield code="q">DE-101</subfield>
      <subfield code="2">sdnb</subfield>
    </datafield>
    <datafield ind1="1" ind2="0" tag="245">
      <subfield code="a">Die drei Musketiere</subfield>
      <subfield code="b">deutsche Originalversion</subfield>
      <subfield code="c">Alexandre Dumas. Mit Lana Turner ... Drehbuch Robert Ardrey. Regie George Sidney</subfield>
    </datafield>
    <datafield ind1="3" ind2=" " tag="260">
      <subfield code="a">[Hamburg]</subfield>
      <subfield code="b">[PolyGram]</subfield>
      <subfield code="c">1992</subfield>
    </datafield>
    <datafield ind1=" " ind2=" " tag="300">
      <subfield code="a">1 Videokassette [VHS] (121 Min.)</subfield>
    </datafield>
    <datafield ind1="0" ind2=" " tag="490">
      <subfield code="a">The best of MGM classics</subfield>
    </datafield>
    <datafield ind1="0" ind2=" " tag="490">
      <subfield code="a">MGM/UA-Home-Video</subfield>
    </datafield>
    <datafield ind1=" " ind2=" " tag="500">
      <subfield code="a">Produktionsjahr: 1948</subfield>
    </datafield>
    <datafield ind1="1" ind2=" " tag="700">
      <subfield code="0">(DE-588)118528068</subfield>
      <subfield code="0">(DE-101)118528068</subfield>
      <subfield code="a">Dumas, Alexandre</subfield>
      <subfield code="d">1802-1870</subfield>
      <subfield code="4">cre</subfield>
    </datafield>
    <datafield ind1="1" ind2=" " tag="700">
      <subfield code="0">(DE-588)119306557</subfield>
      <subfield code="0">(DE-101)119306557</subfield>
      <subfield code="a">Turner, Lana</subfield>
      <subfield code="d">1921-1995</subfield>
      <subfield code="4">oth</subfield>
      <subfield code="e">Darst.</subfield>
    </datafield>
    <datafield ind1="1" ind2=" " tag="700">
      <subfield code="0">(DE-588)107447282</subfield>
      <subfield code="0">(DE-101)107447282</subfield>
      <subfield code="a">Ardrey, Robert</subfield>
      <subfield code="4">oth</subfield>
      <subfield code="e">Drehbuch</subfield>
    </datafield>
    <datafield ind1="1" ind2=" " tag="700">
      <subfield code="0">(DE-588)113332629</subfield>
      <subfield code="0">(DE-101)113332629</subfield>
      <subfield code="a">Sidney, George</subfield>
      <subfield code="4">oth</subfield>
      <subfield code="e">Regie</subfield>
    </datafield>
    <datafield ind1="0" ind2=" " tag="730">
      <subfield code="a">Les trois mousquetaires</subfield>
      <subfield code="g">dt.</subfield>
    </datafield>
  </record>