
  <record>
    <leader>02104pam a2200493 c 4500</leader>
    <controlfield tag="001">931110297</controlfield>
    <controlfield tag="003">DE-101</controlfield>
    <controlfield tag="005">20071231100917.0</controlfield>
    <controlfield tag="007">tu</controlfield>
    <controlfield tag="008">930625s1993    gw |||||r|||| 00||||ger  </controlfield>
    <datafield ind1=" " ind2=" " tag="015">
      <subfield code="a">93,A50,0318</subfield>
      <subfield code="z">93,N30,0108</subfield>
      <subfield code="2">dnb</subfield>
    </datafield>
    <datafield ind1="7" ind2=" " tag="016">
      <subfield code="2">DE-101</subfield>
      <subfield code="a">931110297</subfield>
    </datafield>
    <datafield ind1=" " ind2=" " tag="020">
      <subfield code="a">3456824289</subfield>
      <subfield code="c">kart. : DM 49.80, sfr 47.60</subfield>
      <subfield code="9">3-456-82428-9</subfield>
    </datafield>
    <datafield ind1=" " ind2=" " tag="035">
      <subfield code="a">(DE-599)DNB931110297</subfield>
    </datafield>
    <datafield ind1=" " ind2=" " tag="035">
      <subfield code="a">(OCoLC)612042948</subfield>
    </datafield>
    <datafield ind1=" " ind2=" " tag="040">
      <subfield code="a">1100</subfield>
      <subfield code="b">ger</subfield>
      <subfield code="c">DE-101</subfield>
      <subfield code="d">9999</subfield>
    </datafield>
    <datafield ind1=" " ind2=" " tag="041">
      <subfield code="a">ger</subfield>
    </datafield>
    <datafield ind1=" " ind2=" " tag="044">
      <subfield code="c">XA-DE</subfield>
    </datafield>
    <datafield ind1="7" ind2="4" tag="082">
      <subfield code="q">DE-101</subfield>
      <subfield code="2">22sdnb</subfield>
    </datafield>
    <datafield ind1=" " ind2=" " tag="084">
      <subfield code="a">11</subfield>
      <subfield code="a">33</subfield>
      <subfield code="a">18</subfield>
      <subfield code="a">150</subfield>
      <subfield code="q">DE-101</subfield>
      <subfield code="2">sdnb</subfield>
    </datafield>
    <datafield ind1=" " ind2=" " tag="084">
      <subfield code="a">27.9a</subfield>
      <subfield code="a">5.1a</subfield>
      <subfield code="a">27.3d</subfield>
      <subfield code="a">27.3d</subfield>
      <subfield code="a">5.3</subfield>
      <subfield code="a">9.4a</subfield>
      <subfield code="a">5.1a</subfield>
      <subfield code="q">DE-101</subfield>
      <subfield code="2">sswd</subfield>
    </datafield>
    <datafield ind1="1" ind2=" " tag="100">
      <subfield code="0">(DE-588)112339646</subfield>
      <subfield code="0">(DE-101)112339646</subfield>
      <subfield code="a">Templer, Klaus-Jürgen</subfield>
      <subfield code="4">aut</subfield>
    </datafield>
    <datafield ind1="1" ind2="0" tag="245">
      <subfield code="a">Blutdruck, Verhalten und Persönlichkeit</subfield>
      <subfield code="b">eine psychophysiologische Feld- und Labor-Studie am Arbeitsplatz</subfield>
      <subfield code="c">Klaus-Jürgen Templer</subfield>
    </datafield>
    <datafield ind1=" " ind2=" " tag="250">
      <subfield code="a">1. Aufl.</subfield>
    </datafield>
    <datafield ind1=" " ind2=" " tag="259">
      <subfield code="a">11</subfield>
    </datafield>
    <datafield ind1="3" ind2=" " tag="260">
      <subfield code="a">Bern</subfield>
      <subfield code="a">Göttingen</subfield>
      <subfield code="a">Toronto</subfield>
      <subfield code="a">Seattle</subfield>
      <subfield code="b">Huber</subfield>
      <subfield code="c">1993</subfield>
    </datafield>
    <datafield ind1=" " ind2=" " tag="300">
      <subfield code="a">165 S.</subfield>
      <subfield code="b">graph. Darst.</subfield>
      <subfield code="c">23 cm</subfield>
    </datafield>
    <datafield ind1="0" ind2=" " tag="490">
      <subfield code="a">Aus dem Programm Huber: Psychologie, Forschung</subfield>
    </datafield>
    <datafield ind1=" " ind2=" " tag="500">
      <subfield code="a">Literaturverz. S. 129 - 144</subfield>
    </datafield>
    <datafield ind1=" " ind2="7" tag="650">
      <subfield code="0">(DE-588)4026372-1</subfield>
      <subfield code="0">(DE-101)04026372X</subfield>
      <subfield code="a">Hypertonie</subfield>
      <subfield code="2">gnd</subfield>
    </datafield>
    <datafield ind1=" " ind2="7" tag="650">
      <subfield code="0">(DE-588)4045242-6</subfield>
      <subfield code="0">(DE-101)040452425</subfield>
      <subfield code="a">Persönlichkeit</subfield>
      <subfield code="2">gnd</subfield>
    </datafield>
    <datafield ind1=" " ind2="7" tag="650">
      <subfield code="0">(DE-588)4076126-5</subfield>
      <subfield code="0">(DE-101)040761266</subfield>
      <subfield code="a">Physiologische Psychologie</subfield>
      <subfield code="2">gnd</subfield>
    </datafield>
    <datafield ind1=" " ind2="7" tag="650">
      <subfield code="0">(DE-588)4007263-0</subfield>
      <subfield code="0">(DE-101)040072630</subfield>
      <subfield code="a">Blutdruck</subfield>
      <subfield code="2">gnd</subfield>
    </datafield>
    <datafield ind1=" " ind2="7" tag="650">
      <subfield code="0">(DE-588)4202523-0</subfield>
      <subfield code="0">(DE-101)042025230</subfield>
      <subfield code="a">Arbeitsverhalten</subfield>
      <subfield code="2">gnd</subfield>
    </datafield>
    <datafield ind1=" " ind2="7" tag="650">
      <subfield code="0">(DE-588)4076126-5</subfield>
      <subfield code="0">(DE-101)040761266</subfield>
      <subfield code="a">Physiologische Psychologie</subfield>
      <subfield code="2">gnd</subfield>
    </datafield>
    <datafield ind1="0" ind2="0" tag="689">
      <subfield code="0">(DE-588)4026372-1</subfield>
      <subfield code="0">(DE-101)04026372X</subfield>
      <subfield code="D">s</subfield>
      <subfield code="a">Hypertonie</subfield>
    </datafield>
    <datafield ind1="0" ind2="1" tag="689">
      <subfield code="0">(DE-588)4045242-6</subfield>
      <subfield code="0">(DE-101)040452425</subfield>
      <subfield code="D">s</subfield>
      <subfield code="a">Persönlichkeit</subfield>
    </datafield>
    <datafield ind1="0" ind2="2" tag="689">
      <subfield code="0">(DE-588)4076126-5</subfield>
      <subfield code="0">(DE-101)040761266</subfield>
      <subfield code="D">s</subfield>
      <subfield code="a">Physiologische Psychologie</subfield>
    </datafield>
    <datafield ind1="0" ind2=" " tag="689">
      <subfield code="5">DE-101</subfield>
      <subfield code="5">DE-101</subfield>
    </datafield>
    <datafield ind1="1" ind2="0" tag="689">
      <subfield code="0">(DE-588)4007263-0</subfield>
      <subfield code="0">(DE-101)040072630</subfield>
      <subfield code="D">s</subfield>
      <subfield code="a">Blutdruck</subfield>
    </datafield>
    <datafield ind1="1" ind2="1" tag="689">
      <subfield code="0">(DE-588)4202523-0</subfield>
      <subfield code="0">(DE-101)042025230</subfield>
      <subfield code="D">s</subfield>
      <subfield code="a">Arbeitsverhalten</subfield>
    </datafield>
    <datafield ind1="1" ind2="2" tag="689">
      <subfield code="0">(DE-588)4076126-5</subfield>
      <subfield code="0">(DE-101)040761266</subfield>
      <subfield code="D">s</subfield>
      <subfield code="a">Physiologische Psychologie</subfield>
    </datafield>
    <datafield ind1="1" ind2=" " tag="689">
      <subfield code="5">DE-101</subfield>
      <subfield code="5">DE-101</subfield>
    </datafield>
    <datafield ind1="r" ind2=" " tag="925">
      <subfield code="a">ra</subfield>
    </datafield>
  </record>