
  <record>
    <leader>02286nam a2200577 c 4500</leader>
    <controlfield tag="001">931547989</controlfield>
    <controlfield tag="003">DE-101</controlfield>
    <controlfield tag="005">20071231110428.0</controlfield>
    <controlfield tag="007">tu</controlfield>
    <controlfield tag="008">931013s1993    gw |||||r|||| 00||||ger  </controlfield>
    <datafield ind1=" " ind2=" " tag="015">
      <subfield code="a">93,A45,0925</subfield>
      <subfield code="2">dnb</subfield>
    </datafield>
    <datafield ind1="7" ind2=" " tag="016">
      <subfield code="2">DE-101</subfield>
      <subfield code="a">931547989</subfield>
    </datafield>
    <datafield ind1=" " ind2=" " tag="020">
      <subfield code="a">3746610044</subfield>
      <subfield code="c">kart. : DM 14.80, S 116.00</subfield>
      <subfield code="9">3-7466-1004-4</subfield>
    </datafield>
    <datafield ind1=" " ind2=" " tag="035">
      <subfield code="a">(DE-599)DNB931547989</subfield>
    </datafield>
    <datafield ind1=" " ind2=" " tag="035">
      <subfield code="a">(OCoLC)75421522</subfield>
    </datafield>
    <datafield ind1=" " ind2=" " tag="040">
      <subfield code="a">1100</subfield>
      <subfield code="b">ger</subfield>
      <subfield code="c">DE-101</subfield>
      <subfield code="d">9999</subfield>
    </datafield>
    <datafield ind1=" " ind2=" " tag="041">
      <subfield code="a">ger</subfield>
    </datafield>
    <datafield ind1=" " ind2=" " tag="043">
      <subfield code="c">XA-FR</subfield>
      <subfield code="c">XA-RU</subfield>
      <subfield code="c">XA-RU</subfield>
    </datafield>
    <datafield ind1=" " ind2=" " tag="044">
      <subfield code="c">XA-DE</subfield>
    </datafield>
    <datafield ind1="7" ind2="4" tag="082">
      <subfield code="q">DE-101</subfield>
      <subfield code="2">22sdnb</subfield>
    </datafield>
    <datafield ind1=" " ind2=" " tag="084">
      <subfield code="a">59</subfield>
      <subfield code="a">810</subfield>
      <subfield code="a">820</subfield>
      <subfield code="a">830</subfield>
      <subfield code="a">839</subfield>
      <subfield code="a">840</subfield>
      <subfield code="a">850</subfield>
      <subfield code="a">860</subfield>
      <subfield code="a">870</subfield>
      <subfield code="a">880</subfield>
      <subfield code="a">890</subfield>
      <subfield code="a">B</subfield>
      <subfield code="q">DE-101</subfield>
      <subfield code="2">sdnb</subfield>
    </datafield>
    <datafield ind1=" " ind2=" " tag="084">
      <subfield code="a">9.3b</subfield>
      <subfield code="a">9.3c</subfield>
      <subfield code="q">DE-101</subfield>
      <subfield code="2">sswd</subfield>
    </datafield>
    <datafield ind1="1" ind2=" " tag="100">
      <subfield code="0">(DE-588)118586904</subfield>
      <subfield code="0">(DE-101)118586904</subfield>
      <subfield code="a">Nekrasov, Viktor P.</subfield>
      <subfield code="d">1911-1987</subfield>
      <subfield code="4">aut</subfield>
    </datafield>
    <datafield ind1="1" ind2="0" tag="245">
      <subfield code="a">Drei Musketiere aus Leningrad</subfield>
      <subfield code="b">[Roman]</subfield>
      <subfield code="c">Viktor Nekrassow. Aus dem Russ. von Aljonna Möckel</subfield>
    </datafield>
    <datafield ind1=" " ind2=" " tag="250">
      <subfield code="a">1. Aufl.</subfield>
    </datafield>
    <datafield ind1=" " ind2=" " tag="259">
      <subfield code="a">11</subfield>
    </datafield>
    <datafield ind1="3" ind2=" " tag="260">
      <subfield code="a">Berlin</subfield>
      <subfield code="b">Aufbau-Taschenbuch-Verl.</subfield>
      <subfield code="c">1993</subfield>
    </datafield>
    <datafield ind1=" " ind2=" " tag="300">
      <subfield code="a">111 S.</subfield>
      <subfield code="c">18 cm</subfield>
    </datafield>
    <datafield ind1="1" ind2=" " tag="490">
      <subfield code="a">Aufbau-Taschenbücher</subfield>
      <subfield code="v">1004</subfield>
    </datafield>
    <datafield ind1=" " ind2="7" tag="648">
      <subfield code="a">Geschichte 1974-1980</subfield>
      <subfield code="2">gnd</subfield>
    </datafield>
    <datafield ind1=" " ind2="7" tag="648">
      <subfield code="a">Geschichte 1972-1973</subfield>
      <subfield code="2">gnd</subfield>
    </datafield>
    <datafield ind1=" " ind2="7" tag="650">
      <subfield code="0">(DE-588)4131725-7</subfield>
      <subfield code="0">(DE-101)041317254</subfield>
      <subfield code="a">Auswanderer</subfield>
      <subfield code="2">gnd</subfield>
    </datafield>
    <datafield ind1=" " ind2="7" tag="650">
      <subfield code="0">(DE-588)4051034-7</subfield>
      <subfield code="0">(DE-101)040510344</subfield>
      <subfield code="a">Russen</subfield>
      <subfield code="2">gnd</subfield>
    </datafield>
    <datafield ind1=" " ind2="7" tag="650">
      <subfield code="0">(DE-588)4168468-0</subfield>
      <subfield code="0">(DE-101)041684680</subfield>
      <subfield code="a">Männerfreundschaft</subfield>
      <subfield code="2">gnd</subfield>
    </datafield>
    <datafield ind1=" " ind2="7" tag="651">
      <subfield code="0">(DE-588)4044660-8</subfield>
      <subfield code="0">(DE-101)040446603</subfield>
      <subfield code="a">Paris</subfield>
      <subfield code="2">gnd</subfield>
    </datafield>
    <datafield ind1=" " ind2="7" tag="651">
      <subfield code="0">(DE-588)4267026-3</subfield>
      <subfield code="0">(DE-101)042670268</subfield>
      <subfield code="a">Sankt Petersburg</subfield>
      <subfield code="2">gnd</subfield>
    </datafield>
    <datafield ind1=" " ind2="7" tag="655">
      <subfield code="a">Belletristische Darstellung</subfield>
      <subfield code="2">gnd</subfield>
    </datafield>
    <datafield ind1=" " ind2="7" tag="655">
      <subfield code="a">Belletristische Darstellung</subfield>
      <subfield code="2">gnd</subfield>
    </datafield>
    <datafield ind1="0" ind2="0" tag="689">
      <subfield code="0">(DE-588)4044660-8</subfield>
      <subfield code="0">(DE-101)040446603</subfield>
      <subfield code="D">g</subfield>
      <subfield code="a">Paris</subfield>
    </datafield>
    <datafield ind1="0" ind2="1" tag="689">
      <subfield code="0">(DE-588)4131725-7</subfield>
      <subfield code="0">(DE-101)041317254</subfield>
      <subfield code="D">s</subfield>
      <subfield code="a">Auswanderer</subfield>
    </datafield>
    <datafield ind1="0" ind2="2" tag="689">
      <subfield code="0">(DE-588)4051034-7</subfield>
      <subfield code="0">(DE-101)040510344</subfield>
      <subfield code="D">s</subfield>
      <subfield code="a">Russen</subfield>
    </datafield>
    <datafield ind1="0" ind2="3" tag="689">
      <subfield code="A">z</subfield>
      <subfield code="a">Geschichte 1974-1980</subfield>
    </datafield>
    <datafield ind1="0" ind2="4" tag="689">
      <subfield code="A">f</subfield>
      <subfield code="a">Belletristische Darstellung</subfield>
    </datafield>
    <datafield ind1="0" ind2=" " tag="689">
      <subfield code="5">DE-101</subfield>
      <subfield code="5">DE-101</subfield>
    </datafield>
    <datafield ind1="1" ind2="0" tag="689">
      <subfield code="0">(DE-588)4267026-3</subfield>
      <subfield code="0">(DE-101)042670268</subfield>
      <subfield code="D">g</subfield>
      <subfield code="a">Sankt Petersburg</subfield>
    </datafield>
    <datafield ind1="1" ind2="1" tag="689">
      <subfield code="0">(DE-588)4168468-0</subfield>
      <subfield code="0">(DE-101)041684680</subfield>
      <subfield code="D">s</subfield>
      <subfield code="a">Männerfreundschaft</subfield>
    </datafield>
    <datafield ind1="1" ind2="2" tag="689">
      <subfield code="A">z</subfield>
      <subfield code="a">Geschichte 1972-1973</subfield>
    </datafield>
    <datafield ind1="1" ind2="3" tag="689">
      <subfield code="A">f</subfield>
      <subfield code="a">Belletristische Darstellung</subfield>
    </datafield>
    <datafield ind1="1" ind2=" " tag="689">
      <subfield code="5">DE-101</subfield>
      <subfield code="5">DE-101</subfield>
    </datafield>
    <datafield ind1="0" ind2=" " tag="730">
      <subfield code="a">Malen'kaja pečal'naja povest'</subfield>
      <subfield code="g">dt.</subfield>
    </datafield>
    <datafield ind1=" " ind2="0" tag="830">
      <subfield code="a">Aufbau-Taschenbücher</subfield>
      <subfield code="v">1004</subfield>
      <subfield code="w">(DE-101)018422357</subfield>
      <subfield code="w">(DE-600)1340165-8</subfield>
      <subfield code="9">41004</subfield>
    </datafield>
  </record>