
  <record>
    <leader>01093nam a2200313 c 4500</leader>
    <controlfield tag="001">931718910</controlfield>
    <controlfield tag="003">DE-101</controlfield>
    <controlfield tag="005">20071231112853.0</controlfield>
    <controlfield tag="007">tu</controlfield>
    <controlfield tag="008">931110s1993    gw |||||r|||| 00||||ger  </controlfield>
    <datafield ind1=" " ind2=" " tag="015">
      <subfield code="a">93,A51,1215</subfield>
      <subfield code="2">dnb</subfield>
    </datafield>
    <datafield ind1="7" ind2=" " tag="016">
      <subfield code="2">DE-101</subfield>
      <subfield code="a">931718910</subfield>
    </datafield>
    <datafield ind1=" " ind2=" " tag="020">
      <subfield code="a">3453065867</subfield>
      <subfield code="c">kart. : DM 10.90</subfield>
      <subfield code="9">3-453-06586-7</subfield>
    </datafield>
    <datafield ind1=" " ind2=" " tag="035">
      <subfield code="a">(DE-599)DNB931718910</subfield>
    </datafield>
    <datafield ind1=" " ind2=" " tag="035">
      <subfield code="a">(OCoLC)75438499</subfield>
    </datafield>
    <datafield ind1=" " ind2=" " tag="040">
      <subfield code="a">1200</subfield>
      <subfield code="b">ger</subfield>
      <subfield code="c">DE-101</subfield>
      <subfield code="d">9999</subfield>
    </datafield>
    <datafield ind1=" " ind2=" " tag="041">
      <subfield code="a">ger</subfield>
    </datafield>
    <datafield ind1=" " ind2=" " tag="044">
      <subfield code="c">XA-DE</subfield>
    </datafield>
    <datafield ind1="7" ind2="4" tag="082">
      <subfield code="q">DE-101</subfield>
      <subfield code="2">22sdnb</subfield>
    </datafield>
    <datafield ind1=" " ind2=" " tag="084">
      <subfield code="a">59</subfield>
      <subfield code="a">810</subfield>
      <subfield code="a">820</subfield>
      <subfield code="a">830</subfield>
      <subfield code="a">839</subfield>
      <subfield code="a">840</subfield>
      <subfield code="a">850</subfield>
      <subfield code="a">860</subfield>
      <subfield code="a">870</subfield>
      <subfield code="a">880</subfield>
      <subfield code="a">890</subfield>
      <subfield code="a">B</subfield>
      <subfield code="q">DE-101</subfield>
      <subfield code="2">sdnb</subfield>
    </datafield>
    <datafield ind1="1" ind2=" " tag="100">
      <subfield code="0">(DE-588)113610432</subfield>
      <subfield code="0">(DE-101)113610432</subfield>
      <subfield code="a">Holt, Tom</subfield>
      <subfield code="d">1961-</subfield>
      <subfield code="4">aut</subfield>
    </datafield>
    <datafield ind1="1" ind2="0" tag="245">
      <subfield code="a">Wer hat Angst vor Beowulf?</subfield>
      <subfield code="b">Roman</subfield>
      <subfield code="c">Tom Holt. Aus dem Engl. übers. von Kalla Wefel</subfield>
    </datafield>
    <datafield ind1=" " ind2=" " tag="250">
      <subfield code="a">Dt. Erstausg.</subfield>
    </datafield>
    <datafield ind1=" " ind2=" " tag="259">
      <subfield code="a">dte</subfield>
    </datafield>
    <datafield ind1="3" ind2=" " tag="260">
      <subfield code="a">München</subfield>
      <subfield code="b">Heyne</subfield>
      <subfield code="c">1993</subfield>
    </datafield>
    <datafield ind1=" " ind2=" " tag="300">
      <subfield code="a">283 S.</subfield>
      <subfield code="c">19 cm</subfield>
    </datafield>
    <datafield ind1="1" ind2=" " tag="490">
      <subfield code="a">Heyne-Bücher : 6, Heyne-Science-fiction &amp; Fantasy</subfield>
      <subfield code="v">Nr. 5059</subfield>
    </datafield>
    <datafield ind1=" " ind2="0" tag="830">
      <subfield code="a">Heyne-Bücher / 6</subfield>
      <subfield code="n">6</subfield>
      <subfield code="p">Heyne-Science-fiction &amp; Fantasy</subfield>
      <subfield code="t">Heyne-Bücher</subfield>
      <subfield code="v">Nr. 5059</subfield>
      <subfield code="w">(DE-101)01740116X</subfield>
      <subfield code="w">(DE-600)1213516-1</subfield>
      <subfield code="9">45059</subfield>
    </datafield>
    <datafield ind1="r" ind2=" " tag="925">
      <subfield code="a">ra</subfield>
    </datafield>
  </record>