
  <record>
    <leader>01162nam a2200337 c 4500</leader>
    <controlfield tag="001">940068567</controlfield>
    <controlfield tag="003">DE-101</controlfield>
    <controlfield tag="005">20110112010047.0</controlfield>
    <controlfield tag="007">tu</controlfield>
    <controlfield tag="008">931215s1992    fr |||||r|||| 00||||fre  </controlfield>
    <datafield ind1=" " ind2=" " tag="015">
      <subfield code="a">94,G02,0815</subfield>
      <subfield code="2">dnb</subfield>
    </datafield>
    <datafield ind1="7" ind2=" " tag="016">
      <subfield code="2">DE-101</subfield>
      <subfield code="a">940068567</subfield>
    </datafield>
    <datafield ind1=" " ind2=" " tag="020">
      <subfield code="a">286480574X</subfield>
      <subfield code="c">kart. : ffr 100.00</subfield>
      <subfield code="9">2-86480-574-X</subfield>
    </datafield>
    <datafield ind1=" " ind2=" " tag="035">
      <subfield code="a">(DE-599)DNB940068567</subfield>
    </datafield>
    <datafield ind1=" " ind2=" " tag="035">
      <subfield code="a">(OCoLC)722056842</subfield>
    </datafield>
    <datafield ind1=" " ind2=" " tag="040">
      <subfield code="a">1140</subfield>
      <subfield code="b">ger</subfield>
      <subfield code="c">DE-101</subfield>
      <subfield code="d">9999</subfield>
      <subfield code="e">rakwb</subfield>
    </datafield>
    <datafield ind1=" " ind2=" " tag="041">
      <subfield code="a">fre</subfield>
      <subfield code="h">ger</subfield>
    </datafield>
    <datafield ind1=" " ind2=" " tag="044">
      <subfield code="c">XA-FR</subfield>
    </datafield>
    <datafield ind1="7" ind2="4" tag="082">
      <subfield code="q">DE-101</subfield>
      <subfield code="2">22sdnb</subfield>
    </datafield>
    <datafield ind1=" " ind2=" " tag="084">
      <subfield code="a">11</subfield>
      <subfield code="a">150</subfield>
      <subfield code="q">DE-101</subfield>
      <subfield code="2">sdnb</subfield>
    </datafield>
    <datafield ind1=" " ind2=" " tag="084">
      <subfield code="a">5.5</subfield>
      <subfield code="q">DE-101</subfield>
      <subfield code="2">sswd</subfield>
    </datafield>
    <datafield ind1="1" ind2=" " tag="100">
      <subfield code="0">(DE-588)136175007</subfield>
      <subfield code="0">(DE-101)136175007</subfield>
      <subfield code="a">Wieser, Roda</subfield>
      <subfield code="d">1894-1986</subfield>
      <subfield code="4">aut</subfield>
    </datafield>
    <datafield ind1="1" ind2="0" tag="245">
      <subfield code="a">Ecriture, rythme, personnalité</subfield>
      <subfield code="b">un bilan graphologique</subfield>
      <subfield code="c">Roda Wieser. Trad. de l'allemand par Elisabeth Maton</subfield>
    </datafield>
    <datafield ind1="3" ind2=" " tag="260">
      <subfield code="a">Nancy</subfield>
      <subfield code="b">Presses Univ.</subfield>
      <subfield code="c">1992</subfield>
    </datafield>
    <datafield ind1=" " ind2=" " tag="300">
      <subfield code="a">161 S.</subfield>
      <subfield code="b">Ill., graph. Darst.</subfield>
      <subfield code="c">24 cm</subfield>
    </datafield>
    <datafield ind1="0" ind2=" " tag="490">
      <subfield code="a">Psychologie et psychanalyse</subfield>
    </datafield>
    <datafield ind1=" " ind2="7" tag="650">
      <subfield code="0">(DE-588)4021857-0</subfield>
      <subfield code="0">(DE-101)040218570</subfield>
      <subfield code="a">Graphologie</subfield>
      <subfield code="2">gnd</subfield>
    </datafield>
    <datafield ind1="0" ind2="0" tag="689">
      <subfield code="0">(DE-588)4021857-0</subfield>
      <subfield code="0">(DE-101)040218570</subfield>
      <subfield code="D">s</subfield>
      <subfield code="a">Graphologie</subfield>
    </datafield>
    <datafield ind1="0" ind2=" " tag="689">
      <subfield code="5">DE-101</subfield>
      <subfield code="5">DE-101</subfield>
    </datafield>
    <datafield ind1="0" ind2=" " tag="730">
      <subfield code="a">Handschrift, Rhythmus, Persönlichkeit</subfield>
      <subfield code="g">franz.</subfield>
    </datafield>
    <datafield ind1="r" ind2=" " tag="925">
      <subfield code="a">ru</subfield>
    </datafield>
  </record>