
  <record>
    <leader>01768nam a2200409 c 4500</leader>
    <controlfield tag="001">94035599X</controlfield>
    <controlfield tag="003">DE-101</controlfield>
    <controlfield tag="005">20071231131211.0</controlfield>
    <controlfield tag="007">tu</controlfield>
    <controlfield tag="008">940202s1993    gw |||||r|||| 00||||ger  </controlfield>
    <datafield ind1=" " ind2=" " tag="015">
      <subfield code="a">94,B15,0021</subfield>
      <subfield code="2">dnb</subfield>
    </datafield>
    <datafield ind1="7" ind2=" " tag="016">
      <subfield code="2">DE-101</subfield>
      <subfield code="a">94035599X</subfield>
    </datafield>
    <datafield ind1=" " ind2=" " tag="020">
      <subfield code="c">kart.</subfield>
    </datafield>
    <datafield ind1=" " ind2=" " tag="035">
      <subfield code="a">(DE-599)DNB94035599X</subfield>
    </datafield>
    <datafield ind1=" " ind2=" " tag="035">
      <subfield code="a">(OCoLC)75393920</subfield>
    </datafield>
    <datafield ind1=" " ind2=" " tag="040">
      <subfield code="a">1240</subfield>
      <subfield code="b">ger</subfield>
      <subfield code="c">DE-101</subfield>
      <subfield code="d">9999</subfield>
      <subfield code="e">rakwb</subfield>
    </datafield>
    <datafield ind1=" " ind2=" " tag="041">
      <subfield code="a">ger</subfield>
    </datafield>
    <datafield ind1=" " ind2=" " tag="044">
      <subfield code="c">XA-DE</subfield>
    </datafield>
    <datafield ind1="7" ind2="4" tag="082">
      <subfield code="q">DE-101</subfield>
      <subfield code="2">22sdnb</subfield>
    </datafield>
    <datafield ind1=" " ind2=" " tag="084">
      <subfield code="a">11</subfield>
      <subfield code="a">44</subfield>
      <subfield code="a">150</subfield>
      <subfield code="q">DE-101</subfield>
      <subfield code="2">sdnb</subfield>
    </datafield>
    <datafield ind1=" " ind2=" " tag="084">
      <subfield code="a">5.1a</subfield>
      <subfield code="a">10.7a</subfield>
      <subfield code="q">DE-101</subfield>
      <subfield code="2">sswd</subfield>
    </datafield>
    <datafield ind1="1" ind2=" " tag="100">
      <subfield code="0">(DE-588)115721851</subfield>
      <subfield code="0">(DE-101)115721851</subfield>
      <subfield code="a">Krampen, Günter</subfield>
      <subfield code="d">1950-</subfield>
      <subfield code="4">aut</subfield>
    </datafield>
    <datafield ind1="1" ind2="0" tag="245">
      <subfield code="a">Analysen umweltbewussten Handelns in Italien und Deutschland anhand des handlungstheoretischen Partialmodells der Persönlichkeit</subfield>
      <subfield code="c">Günter Krampen, Claudia Ronco und Massimo Martini. [Universität Trier, Fachbereich I, Psychologie]</subfield>
    </datafield>
    <datafield ind1="3" ind2=" " tag="260">
      <subfield code="a">Trier</subfield>
      <subfield code="b">Univ., Fachbereich I</subfield>
      <subfield code="c">1993</subfield>
    </datafield>
    <datafield ind1=" " ind2=" " tag="300">
      <subfield code="a">18, [10] Bl.</subfield>
      <subfield code="c">29 cm</subfield>
    </datafield>
    <datafield ind1="1" ind2=" " tag="490">
      <subfield code="a">Trierer psychologische Berichte</subfield>
      <subfield code="v">Bd. 20, H. 2</subfield>
    </datafield>
    <datafield ind1=" " ind2="7" tag="650">
      <subfield code="0">(DE-588)4078517-8</subfield>
      <subfield code="0">(DE-101)040785173</subfield>
      <subfield code="a">Umweltbewusstsein</subfield>
      <subfield code="2">gnd</subfield>
    </datafield>
    <datafield ind1=" " ind2="7" tag="650">
      <subfield code="0">(DE-588)4045242-6</subfield>
      <subfield code="0">(DE-101)040452425</subfield>
      <subfield code="a">Persönlichkeit</subfield>
      <subfield code="2">gnd</subfield>
    </datafield>
    <datafield ind1=" " ind2="7" tag="650">
      <subfield code="0">(DE-588)4113844-2</subfield>
      <subfield code="0">(DE-101)041138449</subfield>
      <subfield code="a">Handlungstheorie</subfield>
      <subfield code="2">gnd</subfield>
    </datafield>
    <datafield ind1="0" ind2="0" tag="689">
      <subfield code="0">(DE-588)4078517-8</subfield>
      <subfield code="0">(DE-101)040785173</subfield>
      <subfield code="D">s</subfield>
      <subfield code="a">Umweltbewusstsein</subfield>
    </datafield>
    <datafield ind1="0" ind2="1" tag="689">
      <subfield code="0">(DE-588)4045242-6</subfield>
      <subfield code="0">(DE-101)040452425</subfield>
      <subfield code="D">s</subfield>
      <subfield code="a">Persönlichkeit</subfield>
    </datafield>
    <datafield ind1="0" ind2="2" tag="689">
      <subfield code="0">(DE-588)4113844-2</subfield>
      <subfield code="0">(DE-101)041138449</subfield>
      <subfield code="D">s</subfield>
      <subfield code="a">Handlungstheorie</subfield>
    </datafield>
    <datafield ind1="0" ind2=" " tag="689">
      <subfield code="5">DE-101</subfield>
      <subfield code="5">DE-101</subfield>
    </datafield>
    <datafield ind1="1" ind2=" " tag="700">
      <subfield code="0">(DE-588)113813740</subfield>
      <subfield code="0">(DE-101)113813740</subfield>
      <subfield code="a">Ronco, Claudia</subfield>
      <subfield code="4">aut</subfield>
    </datafield>
    <datafield ind1="1" ind2=" " tag="700">
      <subfield code="0">(DE-588)111423066</subfield>
      <subfield code="0">(DE-101)111423066</subfield>
      <subfield code="a">Martini, Massimo</subfield>
      <subfield code="4">aut</subfield>
    </datafield>
    <datafield ind1=" " ind2="0" tag="830">
      <subfield code="a">Trierer psychologische Berichte</subfield>
      <subfield code="v">Bd. 20, H. 2</subfield>
      <subfield code="w">(DE-101)013187465</subfield>
      <subfield code="w">(DE-600)567902-3</subfield>
      <subfield code="9">220 12</subfield>
    </datafield>
    <datafield ind1="r" ind2=" " tag="925">
      <subfield code="a">rb</subfield>
    </datafield>
  </record>