
  <record>
    <leader>00885nam a2200277 c 4500</leader>
    <controlfield tag="001">940798824</controlfield>
    <controlfield tag="003">DE-101</controlfield>
    <controlfield tag="005">20071231140043.0</controlfield>
    <controlfield tag="007">tu</controlfield>
    <controlfield tag="008">940328s1993    gw |||||r|||| 00||||ger  </controlfield>
    <datafield ind1=" " ind2=" " tag="015">
      <subfield code="a">94,A19,0096</subfield>
      <subfield code="2">dnb</subfield>
    </datafield>
    <datafield ind1="7" ind2=" " tag="016">
      <subfield code="2">DE-101</subfield>
      <subfield code="a">940798824</subfield>
    </datafield>
    <datafield ind1=" " ind2=" " tag="020">
      <subfield code="c">geh. : DM 4.80, S 36.00, sfr 4.80</subfield>
    </datafield>
    <datafield ind1=" " ind2=" " tag="035">
      <subfield code="a">(DE-599)DNB940798824</subfield>
    </datafield>
    <datafield ind1=" " ind2=" " tag="035">
      <subfield code="a">(OCoLC)75418639</subfield>
    </datafield>
    <datafield ind1=" " ind2=" " tag="040">
      <subfield code="a">1140</subfield>
      <subfield code="b">ger</subfield>
      <subfield code="c">DE-101</subfield>
      <subfield code="d">9999</subfield>
      <subfield code="e">rakwb</subfield>
    </datafield>
    <datafield ind1=" " ind2=" " tag="041">
      <subfield code="a">ger</subfield>
    </datafield>
    <datafield ind1=" " ind2=" " tag="044">
      <subfield code="c">XA-DE</subfield>
    </datafield>
    <datafield ind1="7" ind2="4" tag="082">
      <subfield code="q">DE-101</subfield>
      <subfield code="2">22sdnb</subfield>
    </datafield>
    <datafield ind1=" " ind2=" " tag="084">
      <subfield code="a">08</subfield>
      <subfield code="a">49</subfield>
      <subfield code="a">741.5</subfield>
      <subfield code="q">DE-101</subfield>
      <subfield code="2">sdnb</subfield>
    </datafield>
    <datafield ind1="1" ind2="0" tag="245">
      <subfield code="a">Disney's Die drei Musketiere</subfield>
      <subfield code="b">der neue Film-Hit ; der Original-Comic</subfield>
    </datafield>
    <datafield ind1="3" ind2=" " tag="260">
      <subfield code="a">Bergisch Gladbach</subfield>
      <subfield code="b">Bastei-Verl. Lübbe</subfield>
      <subfield code="c">1993, c 1993</subfield>
    </datafield>
    <datafield ind1=" " ind2=" " tag="300">
      <subfield code="a">46 S.</subfield>
      <subfield code="c">30 cm</subfield>
    </datafield>
    <datafield ind1="1" ind2=" " tag="490">
      <subfield code="a">Film-Hit : [...], Sonderband</subfield>
      <subfield code="v">Nr. 1</subfield>
    </datafield>
    <datafield ind1=" " ind2="0" tag="830">
      <subfield code="a">Film-Hit / Sonderband</subfield>
      <subfield code="n">[...]</subfield>
      <subfield code="p">Sonderband</subfield>
      <subfield code="t">Film-Hit</subfield>
      <subfield code="v">Nr. 1</subfield>
      <subfield code="w">(DE-101)940798697</subfield>
      <subfield code="w">(DE-600)2290445-1</subfield>
      <subfield code="9">11</subfield>
    </datafield>
    <datafield ind1="r" ind2=" " tag="925">
      <subfield code="a">ra</subfield>
    </datafield>
  </record>