
  <record>
    <leader>00877nam a2200229 ca4500</leader>
    <controlfield tag="001">942809300</controlfield>
    <controlfield tag="003">DE-101</controlfield>
    <controlfield tag="005">20071215183542.0</controlfield>
    <controlfield tag="007">tu</controlfield>
    <controlfield tag="008">941118s        gw |||||r|||| 00|||||||  </controlfield>
    <datafield ind1="7" ind2=" " tag="016">
      <subfield code="2">DE-101</subfield>
      <subfield code="a">942809300</subfield>
    </datafield>
    <datafield ind1=" " ind2=" " tag="035">
      <subfield code="a">(DE-599)DNB942809300</subfield>
    </datafield>
    <datafield ind1=" " ind2=" " tag="035">
      <subfield code="a">(OCoLC)75646326</subfield>
    </datafield>
    <datafield ind1=" " ind2=" " tag="040">
      <subfield code="a">1140</subfield>
      <subfield code="b">ger</subfield>
      <subfield code="c">DE-101</subfield>
      <subfield code="d">9999</subfield>
      <subfield code="e">rakwb</subfield>
    </datafield>
    <datafield ind1=" " ind2=" " tag="044">
      <subfield code="c">XA-DE</subfield>
    </datafield>
    <datafield ind1="7" ind2="4" tag="082">
      <subfield code="q">DE-101</subfield>
      <subfield code="2">22sdnb</subfield>
    </datafield>
    <datafield ind1=" " ind2=" " tag="084">
      <subfield code="a">11</subfield>
      <subfield code="a">03</subfield>
      <subfield code="a">150</subfield>
      <subfield code="q">DE-101</subfield>
      <subfield code="2">sdnb</subfield>
    </datafield>
    <datafield ind1="1" ind2="0" tag="245">
      <subfield code="a">Minnesota multiphasic personality inventory</subfield>
      <subfield code="b">MMPI ; eine Bibliographie</subfield>
      <subfield code="c">Universität des Saarlandes, Fachrichtung Psychologie, Saarbrücken ; Deutsches Institut für Internationale Pädagogische Forschung, Frankfurt/Main</subfield>
    </datafield>
    <datafield ind1="1" ind2="3" tag="246">
      <subfield code="a">MMPI</subfield>
    </datafield>
    <datafield ind1="3" ind2=" " tag="260">
      <subfield code="a">Saarbrücken</subfield>
      <subfield code="b">Univ. des Saarlandes, Fachrichtung Psychologie</subfield>
    </datafield>
    <datafield ind1=" " ind2=" " tag="300">
      <subfield code="a">30 cm</subfield>
    </datafield>
    <datafield ind1="2" ind2=" " tag="710">
      <subfield code="0">(DE-588)13718-2</subfield>
      <subfield code="0">(DE-101)000137189</subfield>
      <subfield code="a">Universität Saarbrücken</subfield>
      <subfield code="b">Fachrichtung Psychologie</subfield>
    </datafield>
  </record>