
  <record>
    <leader>01012nam a2200289 c 4500</leader>
    <controlfield tag="001">943083192</controlfield>
    <controlfield tag="003">DE-101</controlfield>
    <controlfield tag="005">20071231190247.0</controlfield>
    <controlfield tag="007">tu</controlfield>
    <controlfield tag="008">941215s1994    gw |||||r|||| 00||||ger  </controlfield>
    <datafield ind1=" " ind2=" " tag="015">
      <subfield code="a">95,A04,1540</subfield>
      <subfield code="2">dnb</subfield>
    </datafield>
    <datafield ind1="7" ind2=" " tag="016">
      <subfield code="2">DE-101</subfield>
      <subfield code="a">943083192</subfield>
    </datafield>
    <datafield ind1=" " ind2=" " tag="020">
      <subfield code="a">3870705493</subfield>
      <subfield code="c">Gewebe</subfield>
      <subfield code="9">3-87070-549-3</subfield>
    </datafield>
    <datafield ind1=" " ind2=" " tag="035">
      <subfield code="a">(DE-599)DNB943083192</subfield>
    </datafield>
    <datafield ind1=" " ind2=" " tag="035">
      <subfield code="a">(OCoLC)75538641</subfield>
    </datafield>
    <datafield ind1=" " ind2=" " tag="040">
      <subfield code="a">1240</subfield>
      <subfield code="b">ger</subfield>
      <subfield code="c">DE-101</subfield>
      <subfield code="d">9999</subfield>
      <subfield code="e">rakwb</subfield>
    </datafield>
    <datafield ind1=" " ind2=" " tag="041">
      <subfield code="a">ger</subfield>
    </datafield>
    <datafield ind1=" " ind2=" " tag="044">
      <subfield code="c">XA-DE</subfield>
    </datafield>
    <datafield ind1="7" ind2="4" tag="082">
      <subfield code="q">DE-101</subfield>
      <subfield code="2">22sdnb</subfield>
    </datafield>
    <datafield ind1=" " ind2=" " tag="084">
      <subfield code="a">59</subfield>
      <subfield code="a">810</subfield>
      <subfield code="a">820</subfield>
      <subfield code="a">830</subfield>
      <subfield code="a">839</subfield>
      <subfield code="a">840</subfield>
      <subfield code="a">850</subfield>
      <subfield code="a">860</subfield>
      <subfield code="a">870</subfield>
      <subfield code="a">880</subfield>
      <subfield code="a">890</subfield>
      <subfield code="a">B</subfield>
      <subfield code="q">DE-101</subfield>
      <subfield code="2">sdnb</subfield>
    </datafield>
    <datafield ind1="1" ind2=" " tag="100">
      <subfield code="0">(DE-588)118528068</subfield>
      <subfield code="0">(DE-101)118528068</subfield>
      <subfield code="a">Dumas, Alexandre</subfield>
      <subfield code="d">1802-1870</subfield>
      <subfield code="4">aut</subfield>
    </datafield>
    <datafield ind1="1" ind2="0" tag="245">
      <subfield code="a">Die drei Musketiere</subfield>
      <subfield code="c">Alexandre Dumas père. Nach einer alten Übers. Mit einem Nachw. von Wolfgang Bator. Ill. von Maurice Leloir</subfield>
    </datafield>
    <datafield ind1="3" ind2=" " tag="260">
      <subfield code="a">Stuttgart</subfield>
      <subfield code="a">Zürich</subfield>
      <subfield code="a">Wien</subfield>
      <subfield code="b">Verl. Das Beste</subfield>
      <subfield code="c">1994</subfield>
    </datafield>
    <datafield ind1=" " ind2=" " tag="300">
      <subfield code="a">727 S.</subfield>
      <subfield code="b">Ill.</subfield>
      <subfield code="c">23 cm</subfield>
    </datafield>
    <datafield ind1="0" ind2=" " tag="490">
      <subfield code="a">Meisterhaft und unvergänglich</subfield>
    </datafield>
    <datafield ind1="0" ind2=" " tag="730">
      <subfield code="a">Les trois mousquetaires</subfield>
      <subfield code="g">dt.</subfield>
    </datafield>
    <datafield ind1="r" ind2=" " tag="925">
      <subfield code="a">ra</subfield>
    </datafield>
  </record>