
  <record>
    <leader>01895pam a2200457 c 4500</leader>
    <controlfield tag="001">943292654</controlfield>
    <controlfield tag="003">DE-101</controlfield>
    <controlfield tag="005">20110416122247.0</controlfield>
    <controlfield tag="007">tu</controlfield>
    <controlfield tag="008">950116s1994    gw |||||r|||| 00||||ger  </controlfield>
    <datafield ind1=" " ind2=" " tag="015">
      <subfield code="a">95,A31,0278</subfield>
      <subfield code="z">95,N06,0241</subfield>
      <subfield code="2">dnb</subfield>
    </datafield>
    <datafield ind1="7" ind2=" " tag="016">
      <subfield code="2">DE-101</subfield>
      <subfield code="a">943292654</subfield>
    </datafield>
    <datafield ind1=" " ind2=" " tag="020">
      <subfield code="a">3825823040</subfield>
      <subfield code="c">kart. : DM 48.80</subfield>
      <subfield code="9">3-8258-2304-0</subfield>
    </datafield>
    <datafield ind1=" " ind2=" " tag="035">
      <subfield code="a">(DE-599)DNB943292654</subfield>
    </datafield>
    <datafield ind1=" " ind2=" " tag="035">
      <subfield code="a">(OCoLC)260215949</subfield>
    </datafield>
    <datafield ind1=" " ind2=" " tag="040">
      <subfield code="a">1240</subfield>
      <subfield code="b">ger</subfield>
      <subfield code="c">DE-101</subfield>
      <subfield code="d">9999</subfield>
      <subfield code="e">rakwb</subfield>
    </datafield>
    <datafield ind1=" " ind2=" " tag="041">
      <subfield code="a">ger</subfield>
    </datafield>
    <datafield ind1=" " ind2=" " tag="044">
      <subfield code="c">XA-DE</subfield>
    </datafield>
    <datafield ind1="7" ind2="4" tag="082">
      <subfield code="q">DE-101</subfield>
      <subfield code="2">22sdnb</subfield>
    </datafield>
    <datafield ind1=" " ind2=" " tag="084">
      <subfield code="a">10</subfield>
      <subfield code="a">16</subfield>
      <subfield code="a">17</subfield>
      <subfield code="a">14</subfield>
      <subfield code="a">100</subfield>
      <subfield code="q">DE-101</subfield>
      <subfield code="2">sdnb</subfield>
    </datafield>
    <datafield ind1=" " ind2=" " tag="084">
      <subfield code="a">5.4</subfield>
      <subfield code="a">4.3</subfield>
      <subfield code="a">4.1</subfield>
      <subfield code="a">6.1a</subfield>
      <subfield code="a">9.3d</subfield>
      <subfield code="q">DE-101</subfield>
      <subfield code="2">sswd</subfield>
    </datafield>
    <datafield ind1="1" ind2="0" tag="245">
      <subfield code="a">Werte - Worthülsen oder Wegweiser?</subfield>
      <subfield code="c">Heidelberger Club für Wirtschaft und Kultur e.V. (Hrsg.). Für den Heidelberger Club red. bearb. von Ferdinand Knapp und Bettina Wurster</subfield>
    </datafield>
    <datafield ind1="3" ind2=" " tag="260">
      <subfield code="a">Münster</subfield>
      <subfield code="a">Hamburg</subfield>
      <subfield code="b">Lit</subfield>
      <subfield code="c">1994</subfield>
    </datafield>
    <datafield ind1=" " ind2=" " tag="300">
      <subfield code="a">225 S.</subfield>
      <subfield code="b">graph. Darst.</subfield>
      <subfield code="c">24 cm</subfield>
    </datafield>
    <datafield ind1="1" ind2=" " tag="490">
      <subfield code="a">Symposien des Heidelberger Clubs für Wirtschaft und Kultur</subfield>
      <subfield code="v">Bd. 2</subfield>
    </datafield>
    <datafield ind1=" " ind2="7" tag="650">
      <subfield code="0">(DE-588)4065654-8</subfield>
      <subfield code="0">(DE-101)040656543</subfield>
      <subfield code="a">Wert</subfield>
      <subfield code="2">gnd</subfield>
    </datafield>
    <datafield ind1=" " ind2="7" tag="650">
      <subfield code="0">(DE-588)4117636-4</subfield>
      <subfield code="0">(DE-101)041176367</subfield>
      <subfield code="a">Wertwandel</subfield>
      <subfield code="2">gnd</subfield>
    </datafield>
    <datafield ind1=" " ind2="7" tag="655">
      <subfield code="a">Kongress</subfield>
      <subfield code="z">Heidelberg &lt;1994&gt;</subfield>
      <subfield code="2">gnd</subfield>
    </datafield>
    <datafield ind1=" " ind2="7" tag="655">
      <subfield code="a">Kongress</subfield>
      <subfield code="z">Heidelberg &lt;1994&gt;</subfield>
      <subfield code="2">gnd</subfield>
    </datafield>
    <datafield ind1="0" ind2="0" tag="689">
      <subfield code="0">(DE-588)4065654-8</subfield>
      <subfield code="0">(DE-101)040656543</subfield>
      <subfield code="D">s</subfield>
      <subfield code="a">Wert</subfield>
    </datafield>
    <datafield ind1="0" ind2="1" tag="689">
      <subfield code="A">f</subfield>
      <subfield code="a">Kongress</subfield>
    </datafield>
    <datafield ind1="0" ind2="2" tag="689">
      <subfield code="A">g</subfield>
      <subfield code="a">Heidelberg &lt;1994&gt;</subfield>
    </datafield>
    <datafield ind1="0" ind2=" " tag="689">
      <subfield code="5">DE-101</subfield>
      <subfield code="5">DE-101</subfield>
    </datafield>
    <datafield ind1="1" ind2="0" tag="689">
      <subfield code="0">(DE-588)4117636-4</subfield>
      <subfield code="0">(DE-101)041176367</subfield>
      <subfield code="D">s</subfield>
      <subfield code="a">Wertwandel</subfield>
    </datafield>
    <datafield ind1="1" ind2="1" tag="689">
      <subfield code="A">f</subfield>
      <subfield code="a">Kongress</subfield>
    </datafield>
    <datafield ind1="1" ind2="2" tag="689">
      <subfield code="A">g</subfield>
      <subfield code="a">Heidelberg &lt;1994&gt;</subfield>
    </datafield>
    <datafield ind1="1" ind2=" " tag="689">
      <subfield code="5">DE-101</subfield>
      <subfield code="5">DE-101</subfield>
    </datafield>
    <datafield ind1="1" ind2=" " tag="700">
      <subfield code="0">(DE-588)114721327</subfield>
      <subfield code="0">(DE-101)114721327</subfield>
      <subfield code="a">Knapp, Ferdinand</subfield>
      <subfield code="4">red</subfield>
      <subfield code="e">Red.</subfield>
    </datafield>
    <datafield ind1="2" ind2=" " tag="810">
      <subfield code="a">Heidelberger Club für Wirtschaft und Kultur</subfield>
      <subfield code="4">aut</subfield>
      <subfield code="t">Symposien des Heidelberger Clubs für Wirtschaft und Kultur</subfield>
      <subfield code="v">Bd. 2</subfield>
      <subfield code="w">(DE-101)943292522</subfield>
      <subfield code="w">(DE-600)2289681-8</subfield>
      <subfield code="9">12</subfield>
    </datafield>
    <datafield ind1="4" ind2="2" tag="856">
      <subfield code="m">V:DE-605</subfield>
      <subfield code="q">application/pdf</subfield>
      <subfield code="u">http://d-nb.info/943292654/04</subfield>
      <subfield code="3">Inhaltsverzeichnis</subfield>
    </datafield>
    <datafield ind1="r" ind2=" " tag="925">
      <subfield code="a">ra</subfield>
    </datafield>
  </record>