
  <record>
    <leader>01566nam a2200325 c 4500</leader>
    <controlfield tag="001">943562821</controlfield>
    <controlfield tag="003">DE-101</controlfield>
    <controlfield tag="005">20110827141326.0</controlfield>
    <controlfield tag="007">tu</controlfield>
    <controlfield tag="008">950214s1994    gw |||||r|||| 00||||ger  </controlfield>
    <datafield ind1=" " ind2=" " tag="015">
      <subfield code="a">95,B14,0535</subfield>
      <subfield code="2">dnb</subfield>
    </datafield>
    <datafield ind1="7" ind2=" " tag="016">
      <subfield code="2">DE-101</subfield>
      <subfield code="a">943562821</subfield>
    </datafield>
    <datafield ind1=" " ind2=" " tag="020">
      <subfield code="a">3884882961</subfield>
      <subfield code="c">kart.</subfield>
      <subfield code="9">3-88488-296-1</subfield>
    </datafield>
    <datafield ind1=" " ind2=" " tag="035">
      <subfield code="a">(DE-599)DNB943562821</subfield>
    </datafield>
    <datafield ind1=" " ind2=" " tag="035">
      <subfield code="a">(OCoLC)243802540</subfield>
    </datafield>
    <datafield ind1=" " ind2=" " tag="040">
      <subfield code="a">1140</subfield>
      <subfield code="b">ger</subfield>
      <subfield code="c">DE-101</subfield>
      <subfield code="d">9999</subfield>
      <subfield code="e">rakwb</subfield>
    </datafield>
    <datafield ind1=" " ind2=" " tag="041">
      <subfield code="a">ger</subfield>
    </datafield>
    <datafield ind1=" " ind2=" " tag="044">
      <subfield code="c">XA-DE</subfield>
    </datafield>
    <datafield ind1="7" ind2="4" tag="082">
      <subfield code="q">DE-101</subfield>
      <subfield code="2">22sdnb</subfield>
    </datafield>
    <datafield ind1=" " ind2=" " tag="084">
      <subfield code="a">39</subfield>
      <subfield code="a">14</subfield>
      <subfield code="a">16</subfield>
      <subfield code="a">630</subfield>
      <subfield code="q">DE-101</subfield>
      <subfield code="2">sdnb</subfield>
    </datafield>
    <datafield ind1="1" ind2="0" tag="245">
      <subfield code="a">Changing values and attitudes in family households with rural peer groups, social networks, and action spaces</subfield>
      <subfield code="b">implications of institutional transition in East and West for value formation and transmission</subfield>
      <subfield code="c">Society for Agricultural Policy Research and Rural Sociology (FAA), Bonn. J. Cecora (ed.). With contributions by: Alimova ...</subfield>
    </datafield>
    <datafield ind1="3" ind2=" " tag="260">
      <subfield code="a">Bonn</subfield>
      <subfield code="b">FAA</subfield>
      <subfield code="c">1994</subfield>
    </datafield>
    <datafield ind1=" " ind2=" " tag="300">
      <subfield code="a">IX, 201 S.</subfield>
      <subfield code="b">graph. Darst.</subfield>
      <subfield code="c">21 cm</subfield>
    </datafield>
    <datafield ind1="1" ind2=" " tag="490">
      <subfield code="a">Society for Agricultural Policy Research and Rural Sociology e.V., Bonn</subfield>
      <subfield code="v">296</subfield>
    </datafield>
    <datafield ind1=" " ind2=" " tag="500">
      <subfield code="a">Literaturverz. S. 183 - 200</subfield>
    </datafield>
    <datafield ind1="1" ind2=" " tag="700">
      <subfield code="0">(DE-588)110756827</subfield>
      <subfield code="0">(DE-101)110756827</subfield>
      <subfield code="a">Cécora, James</subfield>
      <subfield code="4">edt</subfield>
      <subfield code="e">Hrsg.</subfield>
    </datafield>
    <datafield ind1="1" ind2=" " tag="700">
      <subfield code="0">(DE-588)114804818</subfield>
      <subfield code="0">(DE-101)114804818</subfield>
      <subfield code="a">Alimova, Tatjana</subfield>
      <subfield code="4">cre</subfield>
    </datafield>
    <datafield ind1="2" ind2=" " tag="810">
      <subfield code="a">Forschungsgesellschaft für Agrarpolitik und Agrarsoziologie</subfield>
      <subfield code="4">aut</subfield>
      <subfield code="t">Schriftenreihe der Forschungsgesellschaft für Agrarpolitik und Agrarsoziologie</subfield>
      <subfield code="v">296</subfield>
      <subfield code="w">(DE-101)011065427</subfield>
      <subfield code="w">(DE-600)191871-0</subfield>
      <subfield code="9">3296</subfield>
    </datafield>
    <datafield ind1="4" ind2="2" tag="856">
      <subfield code="m">V:DE-605</subfield>
      <subfield code="q">application/pdf</subfield>
      <subfield code="u">http://d-nb.info/943562821/04</subfield>
      <subfield code="3">Inhaltsverzeichnis</subfield>
    </datafield>
    <datafield ind1="r" ind2=" " tag="925">
      <subfield code="a">rb</subfield>
    </datafield>
  </record>