
  <record>
    <leader>01597nam a2200373 c 4500</leader>
    <controlfield tag="001">943735084</controlfield>
    <controlfield tag="003">DE-101</controlfield>
    <controlfield tag="005">20071231205438.0</controlfield>
    <controlfield tag="007">tu</controlfield>
    <controlfield tag="008">950301s1995    gw |||||r|||| 00||||ger  </controlfield>
    <datafield ind1=" " ind2=" " tag="015">
      <subfield code="a">95,A15,0246</subfield>
      <subfield code="2">dnb</subfield>
    </datafield>
    <datafield ind1="7" ind2=" " tag="016">
      <subfield code="2">DE-101</subfield>
      <subfield code="a">943735084</subfield>
    </datafield>
    <datafield ind1=" " ind2=" " tag="020">
      <subfield code="a">388679251X</subfield>
      <subfield code="c">kart. : DM 29.80</subfield>
      <subfield code="9">3-88679-251-X</subfield>
    </datafield>
    <datafield ind1=" " ind2=" " tag="035">
      <subfield code="a">(DE-599)DNB943735084</subfield>
    </datafield>
    <datafield ind1=" " ind2=" " tag="035">
      <subfield code="a">(OCoLC)722701529</subfield>
    </datafield>
    <datafield ind1=" " ind2=" " tag="040">
      <subfield code="a">1240</subfield>
      <subfield code="b">ger</subfield>
      <subfield code="c">DE-101</subfield>
      <subfield code="d">9999</subfield>
      <subfield code="e">rakwb</subfield>
    </datafield>
    <datafield ind1=" " ind2=" " tag="041">
      <subfield code="a">ger</subfield>
    </datafield>
    <datafield ind1=" " ind2=" " tag="044">
      <subfield code="c">XA-DE</subfield>
    </datafield>
    <datafield ind1="7" ind2="4" tag="082">
      <subfield code="q">DE-101</subfield>
      <subfield code="2">22sdnb</subfield>
    </datafield>
    <datafield ind1=" " ind2=" " tag="084">
      <subfield code="a">10</subfield>
      <subfield code="a">100</subfield>
      <subfield code="q">DE-101</subfield>
      <subfield code="2">sdnb</subfield>
    </datafield>
    <datafield ind1=" " ind2=" " tag="084">
      <subfield code="a">4.5</subfield>
      <subfield code="q">DE-101</subfield>
      <subfield code="2">sswd</subfield>
    </datafield>
    <datafield ind1="1" ind2="0" tag="245">
      <subfield code="a">Die Frage nach der Moral</subfield>
      <subfield code="b">Leben, Politik, Werte, Wirtschaft, Technik, Alltag ; [dieses Buch ist im Zusammenhang mit der von den Rundfunkanstalten Süddeutscher Rundfunk und Südwestfunk im Programm S2 Kultur veranstalteten Radio-Akademie "Die Frage nach der Moral" entstanden ; es ist zugleich das Begleitbuch zur Sendereihe]</subfield>
      <subfield code="c">[S2 Kultur, SDR/SWF]. Tilman Borsche ... [Red.: Herbert Borlinghaus]</subfield>
    </datafield>
    <datafield ind1="3" ind2=" " tag="260">
      <subfield code="a">Weinheim</subfield>
      <subfield code="a">Berlin</subfield>
      <subfield code="b">Beltz, Quadriga</subfield>
      <subfield code="c">1995</subfield>
    </datafield>
    <datafield ind1=" " ind2=" " tag="300">
      <subfield code="a">183 S.</subfield>
      <subfield code="c">21 cm</subfield>
    </datafield>
    <datafield ind1=" " ind2=" " tag="500">
      <subfield code="a">Literaturangaben</subfield>
    </datafield>
    <datafield ind1=" " ind2="7" tag="650">
      <subfield code="0">(DE-588)4040222-8</subfield>
      <subfield code="0">(DE-101)040402223</subfield>
      <subfield code="a">Moral</subfield>
      <subfield code="2">gnd</subfield>
    </datafield>
    <datafield ind1=" " ind2="7" tag="655">
      <subfield code="a">Aufsatzsammlung</subfield>
      <subfield code="2">gnd</subfield>
    </datafield>
    <datafield ind1="0" ind2="0" tag="689">
      <subfield code="0">(DE-588)4040222-8</subfield>
      <subfield code="0">(DE-101)040402223</subfield>
      <subfield code="D">s</subfield>
      <subfield code="a">Moral</subfield>
    </datafield>
    <datafield ind1="0" ind2="1" tag="689">
      <subfield code="A">f</subfield>
      <subfield code="a">Aufsatzsammlung</subfield>
    </datafield>
    <datafield ind1="0" ind2=" " tag="689">
      <subfield code="5">DE-101</subfield>
      <subfield code="5">DE-101</subfield>
    </datafield>
    <datafield ind1="1" ind2=" " tag="700">
      <subfield code="0">(DE-588)120402718</subfield>
      <subfield code="0">(DE-101)120402718</subfield>
      <subfield code="a">Borsche, Tilman</subfield>
      <subfield code="d">1947-</subfield>
      <subfield code="4">cre</subfield>
    </datafield>
    <datafield ind1="1" ind2=" " tag="700">
      <subfield code="0">(DE-588)110245601</subfield>
      <subfield code="0">(DE-101)110245601</subfield>
      <subfield code="a">Borlinghaus, Herbert</subfield>
      <subfield code="4">red</subfield>
      <subfield code="e">Red.</subfield>
    </datafield>
    <datafield ind1="2" ind2=" " tag="710">
      <subfield code="0">(DE-588)1009721-1</subfield>
      <subfield code="0">(DE-101)004054318</subfield>
      <subfield code="a">Süddeutscher Rundfunk</subfield>
      <subfield code="g">Stuttgart</subfield>
    </datafield>
    <datafield ind1="r" ind2=" " tag="925">
      <subfield code="a">ra</subfield>
    </datafield>
  </record>