
  <record>
    <leader>00754nam a2200241 c 4500</leader>
    <controlfield tag="001">943884519</controlfield>
    <controlfield tag="003">DE-101</controlfield>
    <controlfield tag="005">20110609135758.0</controlfield>
    <controlfield tag="007">tu</controlfield>
    <controlfield tag="008">950320s1963    gw |||||r|||| 00||||ger  </controlfield>
    <datafield ind1="7" ind2=" " tag="016">
      <subfield code="2">DE-101</subfield>
      <subfield code="a">943884519</subfield>
    </datafield>
    <datafield ind1=" " ind2=" " tag="020">
      <subfield code="c">kart.</subfield>
    </datafield>
    <datafield ind1=" " ind2=" " tag="035">
      <subfield code="a">(DE-599)DNB943884519</subfield>
    </datafield>
    <datafield ind1=" " ind2=" " tag="035">
      <subfield code="a">(OCoLC)75611677</subfield>
    </datafield>
    <datafield ind1=" " ind2=" " tag="040">
      <subfield code="a">1140</subfield>
      <subfield code="b">ger</subfield>
      <subfield code="c">DE-101</subfield>
      <subfield code="d">0101</subfield>
      <subfield code="e">rakwb</subfield>
    </datafield>
    <datafield ind1=" " ind2=" " tag="041">
      <subfield code="a">ger</subfield>
    </datafield>
    <datafield ind1=" " ind2=" " tag="044">
      <subfield code="c">XA-DE</subfield>
    </datafield>
    <datafield ind1="7" ind2="4" tag="082">
      <subfield code="q">DE-101</subfield>
      <subfield code="2">22sdnb</subfield>
    </datafield>
    <datafield ind1=" " ind2=" " tag="084">
      <subfield code="a">46</subfield>
      <subfield code="a">12</subfield>
      <subfield code="a">700</subfield>
      <subfield code="a">730</subfield>
      <subfield code="a">740</subfield>
      <subfield code="a">750</subfield>
      <subfield code="a">760</subfield>
      <subfield code="q">DE-101</subfield>
      <subfield code="2">sdnb</subfield>
    </datafield>
    <datafield ind1="1" ind2="0" tag="245">
      <subfield code="a">Koptische Kunst</subfield>
      <subfield code="b">Christentum am Nil ; Mitte November 1963 - Mitte Januar 1964</subfield>
      <subfield code="c">Kunsthaus Zürich</subfield>
    </datafield>
    <datafield ind1="3" ind2=" " tag="260">
      <subfield code="a">Zürich</subfield>
      <subfield code="b">Kunsthaus</subfield>
      <subfield code="c">1963</subfield>
    </datafield>
    <datafield ind1=" " ind2=" " tag="300">
      <subfield code="a">XXXVI, 208, [94] S.</subfield>
      <subfield code="b">Ill., Kt.</subfield>
      <subfield code="c">24 cm</subfield>
    </datafield>
    <datafield ind1="2" ind2=" " tag="710">
      <subfield code="0">(DE-588)2016862-7</subfield>
      <subfield code="0">(DE-101)00475400X</subfield>
      <subfield code="a">Kunsthaus Zürich</subfield>
    </datafield>
  </record>