
  <record>
    <leader>01194nim a2200325 c 4500</leader>
    <controlfield tag="001">94436246X</controlfield>
    <controlfield tag="003">DE-101</controlfield>
    <controlfield tag="005">20071231223749.0</controlfield>
    <controlfield tag="007">s|||||||||||||</controlfield>
    <controlfield tag="007">tu</controlfield>
    <controlfield tag="008">950510s1995    gw ||||| |||||||||||ger  </controlfield>
    <datafield ind1=" " ind2=" " tag="015">
      <subfield code="a">95,A27,0963</subfield>
      <subfield code="2">dnb</subfield>
    </datafield>
    <datafield ind1="7" ind2=" " tag="016">
      <subfield code="2">DE-101</subfield>
      <subfield code="a">94436246X</subfield>
    </datafield>
    <datafield ind1=" " ind2=" " tag="020">
      <subfield code="a">3895840165</subfield>
      <subfield code="c">: DM 24.90</subfield>
      <subfield code="9">3-89584-016-5</subfield>
    </datafield>
    <datafield ind1=" " ind2=" " tag="035">
      <subfield code="a">(DE-599)DNB94436246X</subfield>
    </datafield>
    <datafield ind1=" " ind2=" " tag="035">
      <subfield code="a">(OCoLC)75561719</subfield>
    </datafield>
    <datafield ind1=" " ind2=" " tag="040">
      <subfield code="a">1240</subfield>
      <subfield code="b">ger</subfield>
      <subfield code="c">DE-101</subfield>
      <subfield code="d">9999</subfield>
      <subfield code="e">rakwb</subfield>
    </datafield>
    <datafield ind1=" " ind2=" " tag="041">
      <subfield code="a">ger</subfield>
    </datafield>
    <datafield ind1=" " ind2=" " tag="044">
      <subfield code="c">XA-DE</subfield>
    </datafield>
    <datafield ind1="7" ind2="4" tag="082">
      <subfield code="q">DE-101</subfield>
      <subfield code="2">22sdnb</subfield>
    </datafield>
    <datafield ind1=" " ind2=" " tag="084">
      <subfield code="a">59</subfield>
      <subfield code="a">810</subfield>
      <subfield code="a">820</subfield>
      <subfield code="a">830</subfield>
      <subfield code="a">839</subfield>
      <subfield code="a">840</subfield>
      <subfield code="a">850</subfield>
      <subfield code="a">860</subfield>
      <subfield code="a">870</subfield>
      <subfield code="a">880</subfield>
      <subfield code="a">890</subfield>
      <subfield code="a">B</subfield>
      <subfield code="q">DE-101</subfield>
      <subfield code="2">sdnb</subfield>
    </datafield>
    <datafield ind1="1" ind2="0" tag="245">
      <subfield code="a">Draussen vor der Tür</subfield>
      <subfield code="c">Wolfgang Borchert. Sprecher: Hans Quest u.v.a. Regie: Ludwig Cremer</subfield>
    </datafield>
    <datafield ind1="3" ind2=" " tag="260">
      <subfield code="a">Stuttgart</subfield>
      <subfield code="b">Der Hör-Verl.</subfield>
      <subfield code="c">1995</subfield>
    </datafield>
    <datafield ind1=" " ind2=" " tag="300">
      <subfield code="a">1 Tonkassette</subfield>
      <subfield code="b">stereo, Dolby</subfield>
      <subfield code="c">in Behältnis 14 x 11 x 2 cm</subfield>
    </datafield>
    <datafield ind1="0" ind2=" " tag="490">
      <subfield code="a">Audio books : Literatur</subfield>
    </datafield>
    <datafield ind1=" " ind2=" " tag="500">
      <subfield code="a">Produktionsjahr: 1947</subfield>
    </datafield>
    <datafield ind1="1" ind2=" " tag="700">
      <subfield code="0">(DE-588)118513451</subfield>
      <subfield code="0">(DE-101)118513451</subfield>
      <subfield code="a">Borchert, Wolfgang</subfield>
      <subfield code="d">1921-1947</subfield>
      <subfield code="4">cre</subfield>
    </datafield>
    <datafield ind1="1" ind2=" " tag="700">
      <subfield code="0">(DE-588)124463673</subfield>
      <subfield code="0">(DE-101)124463673</subfield>
      <subfield code="a">Cremer, Ludwig</subfield>
      <subfield code="d">1909-1982</subfield>
      <subfield code="4">oth</subfield>
      <subfield code="e">Regie</subfield>
    </datafield>
    <datafield ind1="1" ind2=" " tag="700">
      <subfield code="0">(DE-588)104908629</subfield>
      <subfield code="0">(DE-101)104908629</subfield>
      <subfield code="a">Quest, Hans</subfield>
      <subfield code="d">1915-1997</subfield>
      <subfield code="4">oth</subfield>
      <subfield code="e">Sprecher</subfield>
    </datafield>
    <datafield ind1="r" ind2=" " tag="925">
      <subfield code="a">ra</subfield>
    </datafield>
  </record>