
  <record>
    <leader>01769pam a2200409 cb4500</leader>
    <controlfield tag="001">944910114</controlfield>
    <controlfield tag="003">DE-101</controlfield>
    <controlfield tag="005">20110723193120.0</controlfield>
    <controlfield tag="007">tu</controlfield>
    <controlfield tag="008">950718s1995    gw |||||r|||| 00||||ger  </controlfield>
    <datafield ind1=" " ind2=" " tag="015">
      <subfield code="a">95,A47,0311</subfield>
      <subfield code="z">95,N34,0153</subfield>
      <subfield code="2">dnb</subfield>
    </datafield>
    <datafield ind1="7" ind2=" " tag="016">
      <subfield code="2">DE-101</subfield>
      <subfield code="a">944910114</subfield>
    </datafield>
    <datafield ind1=" " ind2=" " tag="020">
      <subfield code="a">3801707245</subfield>
      <subfield code="c">kart. : ca. DM 98.00, ca. sfr 92.00, ca. S 765.00</subfield>
      <subfield code="9">3-8017-0724-5</subfield>
    </datafield>
    <datafield ind1=" " ind2=" " tag="035">
      <subfield code="a">(DE-599)DNB944910114</subfield>
    </datafield>
    <datafield ind1=" " ind2=" " tag="035">
      <subfield code="a">(OCoLC)75607963</subfield>
    </datafield>
    <datafield ind1=" " ind2=" " tag="040">
      <subfield code="a">1240</subfield>
      <subfield code="b">ger</subfield>
      <subfield code="c">DE-101</subfield>
      <subfield code="d">9999</subfield>
      <subfield code="e">rakwb</subfield>
    </datafield>
    <datafield ind1=" " ind2=" " tag="041">
      <subfield code="a">ger</subfield>
    </datafield>
    <datafield ind1=" " ind2=" " tag="044">
      <subfield code="c">XA-DE</subfield>
    </datafield>
    <datafield ind1="7" ind2="4" tag="082">
      <subfield code="q">DE-101</subfield>
      <subfield code="2">22sdnb</subfield>
    </datafield>
    <datafield ind1=" " ind2=" " tag="084">
      <subfield code="a">11</subfield>
      <subfield code="a">150</subfield>
      <subfield code="q">DE-101</subfield>
      <subfield code="2">sdnb</subfield>
    </datafield>
    <datafield ind1=" " ind2=" " tag="084">
      <subfield code="a">5.1a</subfield>
      <subfield code="q">DE-101</subfield>
      <subfield code="2">sswd</subfield>
    </datafield>
    <datafield ind1="1" ind2="0" tag="245">
      <subfield code="a">Schwerpunktthema Persönlichkeit und Verhalten</subfield>
      <subfield code="b">in Hamburg 1994</subfield>
      <subfield code="c">im Auftr. der Deutschen Gesellschaft für Psychologie hrsg. von Kurt Pawlik unter Mitarb. von Hans Bock ...</subfield>
    </datafield>
    <datafield ind1="1" ind2="3" tag="246">
      <subfield code="a">Persönlichkeit und Verhalten</subfield>
    </datafield>
    <datafield ind1="3" ind2=" " tag="260">
      <subfield code="a">Göttingen</subfield>
      <subfield code="a">Bern</subfield>
      <subfield code="a">Toronto</subfield>
      <subfield code="a">Seattle</subfield>
      <subfield code="b">Hogrefe, Verl. für Psychologie</subfield>
      <subfield code="c">1995</subfield>
    </datafield>
    <datafield ind1=" " ind2=" " tag="300">
      <subfield code="a">XXII, 948 S.</subfield>
      <subfield code="b">graph. Darst.</subfield>
      <subfield code="c">24 cm</subfield>
    </datafield>
    <datafield ind1="1" ind2=" " tag="490">
      <subfield code="a">Bericht über den ... Kongress der Deutschen Gesellschaft für Psychologie</subfield>
      <subfield code="v">39</subfield>
    </datafield>
    <datafield ind1=" " ind2=" " tag="500">
      <subfield code="a">Literaturangaben</subfield>
    </datafield>
    <datafield ind1=" " ind2="7" tag="650">
      <subfield code="0">(DE-588)4047704-6</subfield>
      <subfield code="0">(DE-101)040477045</subfield>
      <subfield code="a">Psychologie</subfield>
      <subfield code="2">gnd</subfield>
    </datafield>
    <datafield ind1=" " ind2="7" tag="655">
      <subfield code="a">Kongress</subfield>
      <subfield code="z">Hamburg &lt;1994&gt;</subfield>
      <subfield code="2">gnd</subfield>
    </datafield>
    <datafield ind1="0" ind2="0" tag="689">
      <subfield code="0">(DE-588)4047704-6</subfield>
      <subfield code="0">(DE-101)040477045</subfield>
      <subfield code="D">s</subfield>
      <subfield code="a">Psychologie</subfield>
    </datafield>
    <datafield ind1="0" ind2="1" tag="689">
      <subfield code="A">f</subfield>
      <subfield code="a">Kongress</subfield>
    </datafield>
    <datafield ind1="0" ind2="2" tag="689">
      <subfield code="A">g</subfield>
      <subfield code="a">Hamburg &lt;1994&gt;</subfield>
    </datafield>
    <datafield ind1="0" ind2=" " tag="689">
      <subfield code="5">DE-101</subfield>
      <subfield code="5">DE-101</subfield>
    </datafield>
    <datafield ind1="1" ind2=" " tag="700">
      <subfield code="0">(DE-588)107663066</subfield>
      <subfield code="0">(DE-101)107663066</subfield>
      <subfield code="a">Pawlik, Kurt</subfield>
      <subfield code="d">1934-</subfield>
      <subfield code="4">edt</subfield>
      <subfield code="e">Hrsg.</subfield>
    </datafield>
    <datafield ind1="2" ind2=" " tag="810">
      <subfield code="a">Deutsche Gesellschaft für Psychologie</subfield>
      <subfield code="4">aut</subfield>
      <subfield code="t">Bericht über den ... Kongress der Deutschen Gesellschaft für Psychologie</subfield>
      <subfield code="v">39</subfield>
      <subfield code="w">(DE-101)010007911</subfield>
      <subfield code="w">(DE-600)816-3</subfield>
      <subfield code="9">239</subfield>
    </datafield>
    <datafield ind1="4" ind2="2" tag="856">
      <subfield code="m">V:DE-576</subfield>
      <subfield code="q">application/pdf</subfield>
      <subfield code="u">http://d-nb.info/944910114/04</subfield>
      <subfield code="3">Inhaltsverzeichnis</subfield>
    </datafield>
    <datafield ind1="r" ind2=" " tag="925">
      <subfield code="a">ra</subfield>
    </datafield>
  </record>