
  <record>
    <leader>01097pam a2200301 c 4500</leader>
    <controlfield tag="001">945269684</controlfield>
    <controlfield tag="003">DE-101</controlfield>
    <controlfield tag="005">20080101005225.0</controlfield>
    <controlfield tag="007">tu</controlfield>
    <controlfield tag="008">950814s1996    gw |||||r|||| 00||||ger  </controlfield>
    <datafield ind1=" " ind2=" " tag="015">
      <subfield code="a">96,A16,0125</subfield>
      <subfield code="z">96,N03,0044</subfield>
      <subfield code="2">dnb</subfield>
    </datafield>
    <datafield ind1="7" ind2=" " tag="016">
      <subfield code="2">DE-101</subfield>
      <subfield code="a">945269684</subfield>
    </datafield>
    <datafield ind1=" " ind2=" " tag="020">
      <subfield code="a">3806746966</subfield>
      <subfield code="c">Pp. : DM 22.00, sfr 22.00, S 172.00</subfield>
      <subfield code="9">3-8067-4696-6</subfield>
    </datafield>
    <datafield ind1=" " ind2=" " tag="035">
      <subfield code="a">(DE-599)DNB945269684</subfield>
    </datafield>
    <datafield ind1=" " ind2=" " tag="035">
      <subfield code="a">(OCoLC)246860525</subfield>
    </datafield>
    <datafield ind1=" " ind2=" " tag="040">
      <subfield code="a">1240</subfield>
      <subfield code="b">ger</subfield>
      <subfield code="c">DE-101</subfield>
      <subfield code="d">9999</subfield>
      <subfield code="e">rakwb</subfield>
    </datafield>
    <datafield ind1=" " ind2=" " tag="041">
      <subfield code="a">ger</subfield>
      <subfield code="h">dan</subfield>
    </datafield>
    <datafield ind1=" " ind2=" " tag="044">
      <subfield code="c">XA-DE</subfield>
    </datafield>
    <datafield ind1="7" ind2="4" tag="082">
      <subfield code="q">DE-101</subfield>
      <subfield code="2">22sdnb</subfield>
    </datafield>
    <datafield ind1=" " ind2=" " tag="084">
      <subfield code="a">07</subfield>
      <subfield code="a">K</subfield>
      <subfield code="q">DE-101</subfield>
      <subfield code="2">sdnb</subfield>
    </datafield>
    <datafield ind1="1" ind2="0" tag="245">
      <subfield code="a">Das hässliche Entlein</subfield>
      <subfield code="c">Hans Christian Andersen. Mit Bildern von Kaarina Kaila. [Dt. Textfassung von Margrit Weber]</subfield>
    </datafield>
    <datafield ind1="3" ind2=" " tag="260">
      <subfield code="a">Hildesheim</subfield>
      <subfield code="b">Gerstenberg</subfield>
      <subfield code="c">1996</subfield>
    </datafield>
    <datafield ind1=" " ind2=" " tag="300">
      <subfield code="a">[24] S.</subfield>
      <subfield code="b">zahlr. Ill.</subfield>
      <subfield code="c">27 cm</subfield>
    </datafield>
    <datafield ind1="1" ind2=" " tag="700">
      <subfield code="0">(DE-588)118502794</subfield>
      <subfield code="0">(DE-101)118502794</subfield>
      <subfield code="a">Andersen, Hans Christian</subfield>
      <subfield code="d">1805-1875</subfield>
      <subfield code="4">cre</subfield>
    </datafield>
    <datafield ind1="1" ind2=" " tag="700">
      <subfield code="0">(DE-588)112349978</subfield>
      <subfield code="0">(DE-101)112349978</subfield>
      <subfield code="a">Kaila, Kaarina</subfield>
      <subfield code="4">cre</subfield>
    </datafield>
    <datafield ind1="1" ind2=" " tag="700">
      <subfield code="0">(DE-588)113748981</subfield>
      <subfield code="0">(DE-101)113748981</subfield>
      <subfield code="a">Weber, Margrit</subfield>
      <subfield code="4">trl</subfield>
      <subfield code="e">Übers.</subfield>
    </datafield>
    <datafield ind1="0" ind2=" " tag="730">
      <subfield code="a">Den grimme aelling</subfield>
      <subfield code="g">dt.</subfield>
    </datafield>
    <datafield ind1="r" ind2=" " tag="925">
      <subfield code="a">ra</subfield>
    </datafield>
  </record>