
  <record>
    <leader>01542nam a2200397 c 4500</leader>
    <controlfield tag="001">945587333</controlfield>
    <controlfield tag="003">DE-101</controlfield>
    <controlfield tag="005">20080101014552.0</controlfield>
    <controlfield tag="007">tu</controlfield>
    <controlfield tag="008">950919s1994    gw |||||r|||| 00||||ger  </controlfield>
    <datafield ind1=" " ind2=" " tag="015">
      <subfield code="a">95,A43,0972</subfield>
      <subfield code="2">dnb</subfield>
    </datafield>
    <datafield ind1="7" ind2=" " tag="016">
      <subfield code="2">DE-101</subfield>
      <subfield code="a">945587333</subfield>
    </datafield>
    <datafield ind1=" " ind2=" " tag="035">
      <subfield code="a">(DE-599)DNB945587333</subfield>
    </datafield>
    <datafield ind1=" " ind2=" " tag="035">
      <subfield code="a">(OCoLC)75631403</subfield>
    </datafield>
    <datafield ind1=" " ind2=" " tag="040">
      <subfield code="a">1140</subfield>
      <subfield code="b">ger</subfield>
      <subfield code="c">DE-101</subfield>
      <subfield code="d">9999</subfield>
      <subfield code="e">rakwb</subfield>
    </datafield>
    <datafield ind1=" " ind2=" " tag="041">
      <subfield code="a">ger</subfield>
    </datafield>
    <datafield ind1=" " ind2=" " tag="044">
      <subfield code="c">XA-DE</subfield>
    </datafield>
    <datafield ind1="7" ind2="4" tag="082">
      <subfield code="q">DE-101</subfield>
      <subfield code="2">22sdnb</subfield>
    </datafield>
    <datafield ind1=" " ind2=" " tag="084">
      <subfield code="a">33</subfield>
      <subfield code="a">03</subfield>
      <subfield code="a">610</subfield>
      <subfield code="q">DE-101</subfield>
      <subfield code="2">sdnb</subfield>
    </datafield>
    <datafield ind1=" " ind2=" " tag="084">
      <subfield code="a">27.1a</subfield>
      <subfield code="q">DE-101</subfield>
      <subfield code="2">sswd</subfield>
    </datafield>
    <datafield ind1="1" ind2="0" tag="245">
      <subfield code="a">Pschyrembel Klinisches Wörterbuch</subfield>
      <subfield code="b">für MS Windows ; ca. 35000 Stichworte, über 2000 Abbildungen, davon über 800 in 16 Mio. Farben (Echtfarben)</subfield>
      <subfield code="c">Pschyrembel</subfield>
    </datafield>
    <datafield ind1="1" ind2="3" tag="246">
      <subfield code="a">Klinisches Wörterbuch</subfield>
    </datafield>
    <datafield ind1=" " ind2=" " tag="250">
      <subfield code="a">[zur 257. Aufl. der Printausg.]</subfield>
    </datafield>
    <datafield ind1=" " ind2=" " tag="259">
      <subfield code="a">3257</subfield>
    </datafield>
    <datafield ind1="3" ind2=" " tag="260">
      <subfield code="a">Berlin</subfield>
      <subfield code="b">de Gruyter</subfield>
      <subfield code="c">1994</subfield>
    </datafield>
    <datafield ind1=" " ind2=" " tag="300">
      <subfield code="a">1 CD-ROM</subfield>
      <subfield code="b">farb.</subfield>
      <subfield code="c">12 cm</subfield>
      <subfield code="e">Textbeil. ([2] S.)</subfield>
    </datafield>
    <datafield ind1=" " ind2=" " tag="500">
      <subfield code="a">Systemvoraussetzungen: IBM-PC, mind. 386er CPU; 4 MB Arbeitsspeicher, 2 MB freie Festplattenkapazität; MS Windows 3.1; CD-ROM-Laufwerk. - Titel von der Textbeil.</subfield>
    </datafield>
    <datafield ind1=" " ind2="7" tag="650">
      <subfield code="0">(DE-588)4038243-6</subfield>
      <subfield code="0">(DE-101)040382435</subfield>
      <subfield code="a">Medizin</subfield>
      <subfield code="2">gnd</subfield>
    </datafield>
    <datafield ind1=" " ind2="7" tag="650">
      <subfield code="0">(DE-588)4066724-8</subfield>
      <subfield code="0">(DE-101)040667243</subfield>
      <subfield code="a">Wörterbuch</subfield>
      <subfield code="2">gnd</subfield>
    </datafield>
    <datafield ind1=" " ind2="7" tag="655">
      <subfield code="a">CD-ROM</subfield>
      <subfield code="2">gnd</subfield>
    </datafield>
    <datafield ind1="0" ind2="0" tag="689">
      <subfield code="0">(DE-588)4038243-6</subfield>
      <subfield code="0">(DE-101)040382435</subfield>
      <subfield code="D">s</subfield>
      <subfield code="a">Medizin</subfield>
    </datafield>
    <datafield ind1="0" ind2="1" tag="689">
      <subfield code="0">(DE-588)4066724-8</subfield>
      <subfield code="0">(DE-101)040667243</subfield>
      <subfield code="D">s</subfield>
      <subfield code="a">Wörterbuch</subfield>
    </datafield>
    <datafield ind1="0" ind2="2" tag="689">
      <subfield code="A">f</subfield>
      <subfield code="a">CD-ROM</subfield>
    </datafield>
    <datafield ind1="0" ind2=" " tag="689">
      <subfield code="5">DE-101</subfield>
      <subfield code="5">DE-101</subfield>
    </datafield>
    <datafield ind1="1" ind2=" " tag="700">
      <subfield code="0">(DE-588)102650462</subfield>
      <subfield code="0">(DE-101)102650462</subfield>
      <subfield code="a">Pschyrembel, Willibald</subfield>
      <subfield code="d">1901-1987</subfield>
      <subfield code="4">cre</subfield>
    </datafield>
    <datafield ind1="r" ind2=" " tag="925">
      <subfield code="a">ra</subfield>
    </datafield>
  </record>