
  <record>
    <leader>01657pam a2200409 c 4500</leader>
    <controlfield tag="001">946014620</controlfield>
    <controlfield tag="003">DE-101</controlfield>
    <controlfield tag="005">20080913055002.0</controlfield>
    <controlfield tag="007">tu</controlfield>
    <controlfield tag="008">951106s1996    gw |||||r|||| 00||||ger  </controlfield>
    <datafield ind1=" " ind2=" " tag="015">
      <subfield code="a">96,A24,1371</subfield>
      <subfield code="z">95,N49,0104</subfield>
      <subfield code="2">dnb</subfield>
    </datafield>
    <datafield ind1="7" ind2=" " tag="016">
      <subfield code="2">DE-101</subfield>
      <subfield code="a">946014620</subfield>
    </datafield>
    <datafield ind1=" " ind2=" " tag="020">
      <subfield code="a">3456826095</subfield>
      <subfield code="c">kart. : ca. DM 39.80, ca. sfr 39.80, ca. S 311.00</subfield>
      <subfield code="9">3-456-82609-5</subfield>
    </datafield>
    <datafield ind1=" " ind2=" " tag="035">
      <subfield code="a">(DE-599)DNB946014620</subfield>
    </datafield>
    <datafield ind1=" " ind2=" " tag="035">
      <subfield code="a">(OCoLC)75658269</subfield>
    </datafield>
    <datafield ind1=" " ind2=" " tag="040">
      <subfield code="a">1140</subfield>
      <subfield code="b">ger</subfield>
      <subfield code="c">DE-101</subfield>
      <subfield code="d">9999</subfield>
      <subfield code="e">rakwb</subfield>
    </datafield>
    <datafield ind1=" " ind2=" " tag="041">
      <subfield code="a">ger</subfield>
      <subfield code="h">eng</subfield>
    </datafield>
    <datafield ind1=" " ind2=" " tag="044">
      <subfield code="c">XA-DE</subfield>
    </datafield>
    <datafield ind1="7" ind2="4" tag="082">
      <subfield code="q">DE-101</subfield>
      <subfield code="2">22sdnb</subfield>
    </datafield>
    <datafield ind1=" " ind2=" " tag="084">
      <subfield code="a">33</subfield>
      <subfield code="a">11</subfield>
      <subfield code="a">610</subfield>
      <subfield code="q">DE-101</subfield>
      <subfield code="2">sdnb</subfield>
    </datafield>
    <datafield ind1=" " ind2=" " tag="084">
      <subfield code="a">5.2</subfield>
      <subfield code="a">27.13</subfield>
      <subfield code="a">5.1b</subfield>
      <subfield code="q">DE-101</subfield>
      <subfield code="2">sswd</subfield>
    </datafield>
    <datafield ind1=" " ind2=" " tag="090">
      <subfield code="a">b</subfield>
    </datafield>
    <datafield ind1="1" ind2=" " tag="100">
      <subfield code="0">(DE-588)113960034</subfield>
      <subfield code="0">(DE-101)113960034</subfield>
      <subfield code="a">Turkat, Ira Daniel</subfield>
      <subfield code="4">aut</subfield>
    </datafield>
    <datafield ind1="1" ind2="0" tag="245">
      <subfield code="a">Die Persönlichkeitsstörungen</subfield>
      <subfield code="b">ein Leitfaden für die klinische Praxis</subfield>
      <subfield code="c">Ira Daniel Turkat. Mit einem Nachw. von Hans Reinecker. Aus dem Engl. übers. von Irmela Erckenbrecht</subfield>
    </datafield>
    <datafield ind1=" " ind2=" " tag="250">
      <subfield code="a">1. Aufl.</subfield>
    </datafield>
    <datafield ind1=" " ind2=" " tag="259">
      <subfield code="a">11</subfield>
    </datafield>
    <datafield ind1="3" ind2=" " tag="260">
      <subfield code="a">Bern</subfield>
      <subfield code="a">Göttingen</subfield>
      <subfield code="a">Toronto</subfield>
      <subfield code="a">Seattle</subfield>
      <subfield code="b">Huber</subfield>
      <subfield code="c">1996</subfield>
    </datafield>
    <datafield ind1=" " ind2=" " tag="300">
      <subfield code="a">118 S.</subfield>
      <subfield code="c">23 cm</subfield>
    </datafield>
    <datafield ind1="0" ind2=" " tag="490">
      <subfield code="a">Aus dem Programm Huber: Psychologie Praxis</subfield>
    </datafield>
    <datafield ind1=" " ind2=" " tag="500">
      <subfield code="a">Literaturangaben</subfield>
    </datafield>
    <datafield ind1="0" ind2="7" tag="630">
      <subfield code="0">(DE-588)4233017-8</subfield>
      <subfield code="0">(DE-101)042330173</subfield>
      <subfield code="a">Diagnostic and statistical manual of mental disorders</subfield>
      <subfield code="9">g:1987</subfield>
      <subfield code="2">gnd</subfield>
    </datafield>
    <datafield ind1=" " ind2="7" tag="650">
      <subfield code="0">(DE-588)4173873-1</subfield>
      <subfield code="0">(DE-101)04173873X</subfield>
      <subfield code="a">Persönlichkeitsstörung</subfield>
      <subfield code="2">gnd</subfield>
    </datafield>
    <datafield ind1="0" ind2="0" tag="689">
      <subfield code="0">(DE-588)4173873-1</subfield>
      <subfield code="0">(DE-101)04173873X</subfield>
      <subfield code="D">s</subfield>
      <subfield code="a">Persönlichkeitsstörung</subfield>
    </datafield>
    <datafield ind1="0" ind2="1" tag="689">
      <subfield code="0">(DE-588)4233017-8</subfield>
      <subfield code="0">(DE-101)042330173</subfield>
      <subfield code="D">u</subfield>
      <subfield code="a">Diagnostic and statistical manual of mental disorders</subfield>
      <subfield code="9">g:1987</subfield>
    </datafield>
    <datafield ind1="0" ind2=" " tag="689">
      <subfield code="5">DE-101</subfield>
      <subfield code="5">DE-101</subfield>
    </datafield>
    <datafield ind1="0" ind2=" " tag="730">
      <subfield code="a">The personality disorders</subfield>
      <subfield code="g">dt.</subfield>
    </datafield>
    <datafield ind1="r" ind2=" " tag="925">
      <subfield code="a">ra</subfield>
    </datafield>
  </record>