
  <record>
    <leader>02093nam a2200445 c 4500</leader>
    <controlfield tag="001">946558345</controlfield>
    <controlfield tag="003">DE-101</controlfield>
    <controlfield tag="005">20080101043726.0</controlfield>
    <controlfield tag="007">tu</controlfield>
    <controlfield tag="008">960115s1995    gw |||||r|||| 00||||ger  </controlfield>
    <datafield ind1=" " ind2=" " tag="015">
      <subfield code="a">96,B10,0072</subfield>
      <subfield code="2">dnb</subfield>
    </datafield>
    <datafield ind1="7" ind2=" " tag="016">
      <subfield code="2">DE-101</subfield>
      <subfield code="a">946558345</subfield>
    </datafield>
    <datafield ind1=" " ind2=" " tag="020">
      <subfield code="c">geh.</subfield>
    </datafield>
    <datafield ind1=" " ind2=" " tag="035">
      <subfield code="a">(DE-599)DNB946558345</subfield>
    </datafield>
    <datafield ind1=" " ind2=" " tag="035">
      <subfield code="a">(OCoLC)75699281</subfield>
    </datafield>
    <datafield ind1=" " ind2=" " tag="040">
      <subfield code="a">1240</subfield>
      <subfield code="b">ger</subfield>
      <subfield code="c">DE-101</subfield>
      <subfield code="d">9999</subfield>
      <subfield code="e">rakwb</subfield>
    </datafield>
    <datafield ind1=" " ind2=" " tag="041">
      <subfield code="a">ger</subfield>
    </datafield>
    <datafield ind1=" " ind2=" " tag="044">
      <subfield code="c">XA-DE</subfield>
    </datafield>
    <datafield ind1="7" ind2="4" tag="082">
      <subfield code="q">DE-101</subfield>
      <subfield code="2">22sdnb</subfield>
    </datafield>
    <datafield ind1=" " ind2=" " tag="084">
      <subfield code="a">11</subfield>
      <subfield code="a">150</subfield>
      <subfield code="q">DE-101</subfield>
      <subfield code="2">sdnb</subfield>
    </datafield>
    <datafield ind1=" " ind2=" " tag="084">
      <subfield code="a">5.1a</subfield>
      <subfield code="a">5.5</subfield>
      <subfield code="a">6.6</subfield>
      <subfield code="a">5.3</subfield>
      <subfield code="q">DE-101</subfield>
      <subfield code="2">sswd</subfield>
    </datafield>
    <datafield ind1="1" ind2=" " tag="100">
      <subfield code="0">(DE-588)11414026X</subfield>
      <subfield code="0">(DE-101)11414026X</subfield>
      <subfield code="a">Mülhaupt, Joachim</subfield>
      <subfield code="4">aut</subfield>
    </datafield>
    <datafield ind1="1" ind2="0" tag="245">
      <subfield code="a">Persönlichkeit und Sozialverhalten in akademischen Selbstanalysegruppen</subfield>
      <subfield code="c">Joachim Mülhaupt &amp; Johann F. Schneider. Fachbereich Sozial- und Umweltwissenschaften, Fachrichtung Psychologie</subfield>
    </datafield>
    <datafield ind1="3" ind2=" " tag="260">
      <subfield code="a">Saarbrücken</subfield>
      <subfield code="b">Fachbereich Sozial- und Umweltwiss., Fachrichtung Psychologie, Univ.</subfield>
      <subfield code="c">1995</subfield>
    </datafield>
    <datafield ind1=" " ind2=" " tag="300">
      <subfield code="a">21 Bl.</subfield>
      <subfield code="c">30 cm</subfield>
    </datafield>
    <datafield ind1="1" ind2=" " tag="490">
      <subfield code="a">Arbeiten der Fachrichtung Psychologie, Universität des Saarlandes</subfield>
      <subfield code="v">Nr. 178</subfield>
    </datafield>
    <datafield ind1=" " ind2="7" tag="650">
      <subfield code="0">(DE-588)4161970-5</subfield>
      <subfield code="0">(DE-101)041619706</subfield>
      <subfield code="a">Interaktionsanalyse</subfield>
      <subfield code="2">gnd</subfield>
    </datafield>
    <datafield ind1=" " ind2="7" tag="650">
      <subfield code="0">(DE-588)4127380-1</subfield>
      <subfield code="0">(DE-101)04127380X</subfield>
      <subfield code="a">Praktikum</subfield>
      <subfield code="2">gnd</subfield>
    </datafield>
    <datafield ind1=" " ind2="7" tag="650">
      <subfield code="0">(DE-588)4176222-8</subfield>
      <subfield code="0">(DE-101)041762223</subfield>
      <subfield code="a">Psychologiestudent</subfield>
      <subfield code="2">gnd</subfield>
    </datafield>
    <datafield ind1=" " ind2="7" tag="650">
      <subfield code="0">(DE-588)4045242-6</subfield>
      <subfield code="0">(DE-101)040452425</subfield>
      <subfield code="a">Persönlichkeit</subfield>
      <subfield code="2">gnd</subfield>
    </datafield>
    <datafield ind1=" " ind2="7" tag="650">
      <subfield code="0">(DE-588)4055903-8</subfield>
      <subfield code="0">(DE-101)040559033</subfield>
      <subfield code="a">Sozialverhalten</subfield>
      <subfield code="2">gnd</subfield>
    </datafield>
    <datafield ind1="0" ind2="0" tag="689">
      <subfield code="0">(DE-588)4161970-5</subfield>
      <subfield code="0">(DE-101)041619706</subfield>
      <subfield code="D">s</subfield>
      <subfield code="a">Interaktionsanalyse</subfield>
    </datafield>
    <datafield ind1="0" ind2="1" tag="689">
      <subfield code="0">(DE-588)4127380-1</subfield>
      <subfield code="0">(DE-101)04127380X</subfield>
      <subfield code="D">s</subfield>
      <subfield code="a">Praktikum</subfield>
    </datafield>
    <datafield ind1="0" ind2="2" tag="689">
      <subfield code="0">(DE-588)4176222-8</subfield>
      <subfield code="0">(DE-101)041762223</subfield>
      <subfield code="D">s</subfield>
      <subfield code="a">Psychologiestudent</subfield>
    </datafield>
    <datafield ind1="0" ind2="3" tag="689">
      <subfield code="0">(DE-588)4045242-6</subfield>
      <subfield code="0">(DE-101)040452425</subfield>
      <subfield code="D">s</subfield>
      <subfield code="a">Persönlichkeit</subfield>
    </datafield>
    <datafield ind1="0" ind2="4" tag="689">
      <subfield code="0">(DE-588)4055903-8</subfield>
      <subfield code="0">(DE-101)040559033</subfield>
      <subfield code="D">s</subfield>
      <subfield code="a">Sozialverhalten</subfield>
    </datafield>
    <datafield ind1="0" ind2=" " tag="689">
      <subfield code="5">DE-101</subfield>
      <subfield code="5">DE-101</subfield>
    </datafield>
    <datafield ind1="1" ind2=" " tag="700">
      <subfield code="0">(DE-588)101035683</subfield>
      <subfield code="0">(DE-101)101035683</subfield>
      <subfield code="a">Schneider, Johann F.</subfield>
      <subfield code="4">aut</subfield>
    </datafield>
    <datafield ind1="2" ind2=" " tag="810">
      <subfield code="a">Universität Saarbrücken</subfield>
      <subfield code="b">Fachrichtung Psychologie</subfield>
      <subfield code="4">aut</subfield>
      <subfield code="t">Arbeiten der Fachrichtung Psychologie, Universität des Saarlandes</subfield>
      <subfield code="v">Nr. 178</subfield>
      <subfield code="w">(DE-101)551214929</subfield>
      <subfield code="9">3178</subfield>
    </datafield>
    <datafield ind1="r" ind2=" " tag="925">
      <subfield code="a">rb</subfield>
    </datafield>
  </record>