
  <record>
    <leader>01206nam a2200253 c 4500</leader>
    <controlfield tag="001">946667616</controlfield>
    <controlfield tag="003">DE-101</controlfield>
    <controlfield tag="005">20040615110301.0</controlfield>
    <controlfield tag="007">tu</controlfield>
    <controlfield tag="008">960125s1992    xr |||||r|||| 10||||eng  </controlfield>
    <datafield ind1="7" ind2=" " tag="016">
      <subfield code="2">DE-101</subfield>
      <subfield code="a">946667616</subfield>
    </datafield>
    <datafield ind1=" " ind2=" " tag="020">
      <subfield code="c">kart.</subfield>
    </datafield>
    <datafield ind1=" " ind2=" " tag="035">
      <subfield code="a">(DE-599)DNB946667616</subfield>
    </datafield>
    <datafield ind1=" " ind2=" " tag="035">
      <subfield code="a">(OCoLC)75704930</subfield>
    </datafield>
    <datafield ind1=" " ind2=" " tag="040">
      <subfield code="a">1140</subfield>
      <subfield code="b">ger</subfield>
      <subfield code="c">DE-101</subfield>
      <subfield code="d">9999</subfield>
      <subfield code="e">rakwb</subfield>
    </datafield>
    <datafield ind1=" " ind2=" " tag="041">
      <subfield code="a">eng</subfield>
    </datafield>
    <datafield ind1=" " ind2=" " tag="044">
      <subfield code="c">XA-CZ</subfield>
    </datafield>
    <datafield ind1="2" ind2=" " tag="111">
      <subfield code="0">(DE-588)2153679-X</subfield>
      <subfield code="0">(DE-101)946667438</subfield>
      <subfield code="a">International Conference Psychological Development and Personality Formative Processes</subfield>
      <subfield code="n">6</subfield>
      <subfield code="d">1991</subfield>
      <subfield code="c">Prag</subfield>
      <subfield code="4">aut</subfield>
    </datafield>
    <datafield ind1="1" ind2="0" tag="245">
      <subfield code="a">Proceedings of the 6th Prague International Conference Psychological Development and Personality Formative Processes</subfield>
      <subfield code="b">[held on the University Campus in Prague-Suchdol, August 26 - 30, 1991]</subfield>
      <subfield code="c">organized in August 1991 by Institute of Psychology, Czechoslovak Academy of Sciences. Ed.: Jarmila Kotásková</subfield>
    </datafield>
    <datafield ind1="1" ind2="3" tag="246">
      <subfield code="a">Psychological development and personality formative processes</subfield>
    </datafield>
    <datafield ind1="3" ind2=" " tag="260">
      <subfield code="a">Prague</subfield>
      <subfield code="b">Inst. of Psychology</subfield>
      <subfield code="c">1992</subfield>
    </datafield>
    <datafield ind1=" " ind2=" " tag="300">
      <subfield code="a">446 S.</subfield>
      <subfield code="b">graph. Darst.</subfield>
      <subfield code="c">21 cm</subfield>
    </datafield>
    <datafield ind1="1" ind2=" " tag="700">
      <subfield code="0">(DE-588)114171718</subfield>
      <subfield code="0">(DE-101)114171718</subfield>
      <subfield code="a">Kotásková, Jarmila</subfield>
      <subfield code="4">edt</subfield>
      <subfield code="e">Hrsg.</subfield>
    </datafield>
    <datafield ind1="2" ind2=" " tag="710">
      <subfield code="0">(DE-588)1031476-3</subfield>
      <subfield code="0">(DE-101)00420008X</subfield>
      <subfield code="a">Psychologický Ústav</subfield>
      <subfield code="g">Prag</subfield>
    </datafield>
  </record>