
  <record>
    <leader>00977nam a2200229 ca4500</leader>
    <controlfield tag="001">946672733</controlfield>
    <controlfield tag="003">DE-101</controlfield>
    <controlfield tag="005">20071215185434.0</controlfield>
    <controlfield tag="007">tu</controlfield>
    <controlfield tag="008">960125s        xx |||||r|||| 00|||||||  </controlfield>
    <datafield ind1="7" ind2=" " tag="016">
      <subfield code="2">DE-101</subfield>
      <subfield code="a">946672733</subfield>
    </datafield>
    <datafield ind1=" " ind2=" " tag="035">
      <subfield code="a">(DE-599)DNB946672733</subfield>
    </datafield>
    <datafield ind1=" " ind2=" " tag="035">
      <subfield code="a">(OCoLC)75660417</subfield>
    </datafield>
    <datafield ind1=" " ind2=" " tag="040">
      <subfield code="a">1140</subfield>
      <subfield code="b">ger</subfield>
      <subfield code="c">DE-101</subfield>
      <subfield code="d">9999</subfield>
      <subfield code="e">rakwb</subfield>
    </datafield>
    <datafield ind1=" " ind2=" " tag="044">
      <subfield code="c">XA-DDDE</subfield>
    </datafield>
    <datafield ind1="7" ind2="4" tag="082">
      <subfield code="q">DE-101</subfield>
      <subfield code="2">22sdnb</subfield>
    </datafield>
    <datafield ind1=" " ind2=" " tag="084">
      <subfield code="a">11</subfield>
      <subfield code="a">22</subfield>
      <subfield code="a">150</subfield>
      <subfield code="q">DE-101</subfield>
      <subfield code="2">sdnb</subfield>
    </datafield>
    <datafield ind1="1" ind2="0" tag="245">
      <subfield code="a">Zur psychischen Entwicklung der Persönlichkeit im Kindes- und Jugendalter</subfield>
      <subfield code="b">theoretische und methodologische Probleme und Ergebnisse etappenorientierter Forschungsstrategien ; Beiträge eines Symposiums mit internationaler Beteiligung vom 10.5. - 13.5.1988 in Neubrandenburg</subfield>
      <subfield code="c">hrsg. von Karen Funke im Auftr. der Gesellschaft für Psychologie der DDR, Berlin</subfield>
    </datafield>
    <datafield ind1="3" ind2=" " tag="260">
      <subfield code="a">Berlin</subfield>
      <subfield code="b">Ges. für Psychologie der DDR</subfield>
    </datafield>
    <datafield ind1=" " ind2=" " tag="300">
      <subfield code="c">21 cm</subfield>
    </datafield>
    <datafield ind1=" " ind2=" " tag="500">
      <subfield code="a">Literaturangaben</subfield>
    </datafield>
    <datafield ind1="1" ind2=" " tag="700">
      <subfield code="0">(DE-588)115155155</subfield>
      <subfield code="0">(DE-101)115155155</subfield>
      <subfield code="a">Funke, Karen</subfield>
      <subfield code="4">edt</subfield>
      <subfield code="e">Hrsg.</subfield>
    </datafield>
  </record>