
  <record>
    <leader>01051nam a2200301 c 4500</leader>
    <controlfield tag="001">947331875</controlfield>
    <controlfield tag="003">DE-101</controlfield>
    <controlfield tag="005">20110827171418.0</controlfield>
    <controlfield tag="007">tu</controlfield>
    <controlfield tag="008">960415s1995    sz |||||r|||| 00||||ger  </controlfield>
    <datafield ind1=" " ind2=" " tag="015">
      <subfield code="a">96,B21,0167</subfield>
      <subfield code="2">dnb</subfield>
    </datafield>
    <datafield ind1="7" ind2=" " tag="016">
      <subfield code="2">DE-101</subfield>
      <subfield code="a">947331875</subfield>
    </datafield>
    <datafield ind1=" " ind2=" " tag="020">
      <subfield code="c">kart. : sfr 18.00</subfield>
    </datafield>
    <datafield ind1=" " ind2=" " tag="035">
      <subfield code="a">(DE-599)DNB947331875</subfield>
    </datafield>
    <datafield ind1=" " ind2=" " tag="035">
      <subfield code="a">(OCoLC)610664336</subfield>
    </datafield>
    <datafield ind1=" " ind2=" " tag="040">
      <subfield code="a">1140</subfield>
      <subfield code="b">ger</subfield>
      <subfield code="c">DE-101</subfield>
      <subfield code="d">9999</subfield>
      <subfield code="e">rakwb</subfield>
    </datafield>
    <datafield ind1=" " ind2=" " tag="041">
      <subfield code="a">ger</subfield>
    </datafield>
    <datafield ind1=" " ind2=" " tag="044">
      <subfield code="c">XA-CH</subfield>
    </datafield>
    <datafield ind1="7" ind2="4" tag="082">
      <subfield code="q">DE-101</subfield>
      <subfield code="2">22sdnb</subfield>
    </datafield>
    <datafield ind1=" " ind2=" " tag="084">
      <subfield code="a">17</subfield>
      <subfield code="a">44</subfield>
      <subfield code="a">330</subfield>
      <subfield code="a">380</subfield>
      <subfield code="a">650</subfield>
      <subfield code="a">670</subfield>
      <subfield code="q">DE-101</subfield>
      <subfield code="2">sdnb</subfield>
    </datafield>
    <datafield ind1="1" ind2="0" tag="245">
      <subfield code="a">Werte schaffen, Werte erhalten</subfield>
      <subfield code="b">Wirtschaft und Umwelt in der Schweiz</subfield>
      <subfield code="c">Schweizerische Volksbank. Thomas Dyllick ...</subfield>
    </datafield>
    <datafield ind1="3" ind2=" " tag="260">
      <subfield code="a">Bern</subfield>
      <subfield code="b">Schweizerische Volksbank</subfield>
      <subfield code="c">1995, c 1995</subfield>
    </datafield>
    <datafield ind1=" " ind2=" " tag="300">
      <subfield code="a">104 S.</subfield>
      <subfield code="b">Ill., graph. Darst., Kt.</subfield>
      <subfield code="c">30 cm</subfield>
    </datafield>
    <datafield ind1="1" ind2=" " tag="490">
      <subfield code="a">Die Orientierung</subfield>
      <subfield code="v">105</subfield>
    </datafield>
    <datafield ind1="1" ind2=" " tag="700">
      <subfield code="0">(DE-588)115679006</subfield>
      <subfield code="0">(DE-101)115679006</subfield>
      <subfield code="a">Dyllick, Thomas</subfield>
      <subfield code="d">1953-</subfield>
      <subfield code="4">cre</subfield>
    </datafield>
    <datafield ind1="2" ind2=" " tag="710">
      <subfield code="0">(DE-588)1013050-0</subfield>
      <subfield code="0">(DE-101)004071557</subfield>
      <subfield code="a">Schweizerische Volksbank</subfield>
      <subfield code="g">Bern</subfield>
    </datafield>
    <datafield ind1=" " ind2="0" tag="830">
      <subfield code="a">Die Orientierung</subfield>
      <subfield code="v">105</subfield>
      <subfield code="w">(DE-101)551530804</subfield>
      <subfield code="9">3105</subfield>
    </datafield>
    <datafield ind1="r" ind2=" " tag="925">
      <subfield code="a">rb</subfield>
    </datafield>
  </record>