
  <record>
    <leader>01583nam a2200409 c 4500</leader>
    <controlfield tag="001">947417729</controlfield>
    <controlfield tag="003">DE-101</controlfield>
    <controlfield tag="005">20080101070134.0</controlfield>
    <controlfield tag="007">tu</controlfield>
    <controlfield tag="008">960424s1995    xxu|||||r|||| 00||||eng  </controlfield>
    <datafield ind1=" " ind2=" " tag="015">
      <subfield code="a">96,G04,0143</subfield>
      <subfield code="2">dnb</subfield>
    </datafield>
    <datafield ind1="7" ind2=" " tag="016">
      <subfield code="2">DE-101</subfield>
      <subfield code="a">947417729</subfield>
    </datafield>
    <datafield ind1=" " ind2=" " tag="020">
      <subfield code="a">0805818987</subfield>
      <subfield code="c">Pp.</subfield>
      <subfield code="9">0-8058-1898-7</subfield>
    </datafield>
    <datafield ind1=" " ind2=" " tag="035">
      <subfield code="a">(DE-599)DNB947417729</subfield>
    </datafield>
    <datafield ind1=" " ind2=" " tag="035">
      <subfield code="a">(OCoLC)243815594</subfield>
    </datafield>
    <datafield ind1=" " ind2=" " tag="040">
      <subfield code="a">1140</subfield>
      <subfield code="b">ger</subfield>
      <subfield code="c">DE-101</subfield>
      <subfield code="d">9999</subfield>
      <subfield code="e">rakwb</subfield>
    </datafield>
    <datafield ind1=" " ind2=" " tag="041">
      <subfield code="a">eng</subfield>
    </datafield>
    <datafield ind1=" " ind2=" " tag="043">
      <subfield code="c">XA-DE</subfield>
    </datafield>
    <datafield ind1=" " ind2=" " tag="044">
      <subfield code="c">XD-US</subfield>
    </datafield>
    <datafield ind1="7" ind2="4" tag="082">
      <subfield code="q">DE-101</subfield>
      <subfield code="2">22sdnb</subfield>
    </datafield>
    <datafield ind1=" " ind2=" " tag="084">
      <subfield code="a">11</subfield>
      <subfield code="a">63</subfield>
      <subfield code="a">19</subfield>
      <subfield code="a">150</subfield>
      <subfield code="q">DE-101</subfield>
      <subfield code="2">sdnb</subfield>
    </datafield>
    <datafield ind1=" " ind2=" " tag="084">
      <subfield code="a">16.5</subfield>
      <subfield code="a">7.2c</subfield>
      <subfield code="a">5.1a</subfield>
      <subfield code="a">5.1b</subfield>
      <subfield code="q">DE-101</subfield>
      <subfield code="2">sswd</subfield>
    </datafield>
    <datafield ind1=" " ind2=" " tag="090">
      <subfield code="a">b</subfield>
    </datafield>
    <datafield ind1="1" ind2="0" tag="245">
      <subfield code="a">The quest for the Nazi personality</subfield>
      <subfield code="b">a psychological investigation of Nazi war criminals</subfield>
      <subfield code="c">Eric A. Zillmer ...</subfield>
    </datafield>
    <datafield ind1="3" ind2=" " tag="260">
      <subfield code="a">Hillsdale, NJ</subfield>
      <subfield code="a">Hove, UK</subfield>
      <subfield code="b">Lawrence Erlbaum Assoc., Publ.</subfield>
      <subfield code="c">1995</subfield>
    </datafield>
    <datafield ind1=" " ind2=" " tag="300">
      <subfield code="a">XVIII, 254 S.</subfield>
      <subfield code="b">Ill.</subfield>
      <subfield code="c">23 cm</subfield>
    </datafield>
    <datafield ind1="0" ind2=" " tag="490">
      <subfield code="a">LEA series in personality and clinical psychology</subfield>
    </datafield>
    <datafield ind1=" " ind2=" " tag="500">
      <subfield code="a">Literaturverz. S. 241 - 247</subfield>
    </datafield>
    <datafield ind1="0" ind2="7" tag="630">
      <subfield code="0">(DE-588)4178459-5</subfield>
      <subfield code="0">(DE-101)041784596</subfield>
      <subfield code="a">Rorschach-Test</subfield>
      <subfield code="2">gnd</subfield>
    </datafield>
    <datafield ind1=" " ind2="7" tag="650">
      <subfield code="0">(DE-588)4171231-6</subfield>
      <subfield code="0">(DE-101)041712315</subfield>
      <subfield code="a">Nationalsozialistischer Verbrecher</subfield>
      <subfield code="2">gnd</subfield>
    </datafield>
    <datafield ind1=" " ind2="7" tag="650">
      <subfield code="0">(DE-588)4173876-7</subfield>
      <subfield code="0">(DE-101)041738764</subfield>
      <subfield code="a">Persönlichkeitstyp</subfield>
      <subfield code="2">gnd</subfield>
    </datafield>
    <datafield ind1="0" ind2="0" tag="689">
      <subfield code="0">(DE-588)4171231-6</subfield>
      <subfield code="0">(DE-101)041712315</subfield>
      <subfield code="D">s</subfield>
      <subfield code="a">Nationalsozialistischer Verbrecher</subfield>
    </datafield>
    <datafield ind1="0" ind2="1" tag="689">
      <subfield code="0">(DE-588)4173876-7</subfield>
      <subfield code="0">(DE-101)041738764</subfield>
      <subfield code="D">s</subfield>
      <subfield code="a">Persönlichkeitstyp</subfield>
    </datafield>
    <datafield ind1="0" ind2="2" tag="689">
      <subfield code="0">(DE-588)4178459-5</subfield>
      <subfield code="0">(DE-101)041784596</subfield>
      <subfield code="D">u</subfield>
      <subfield code="a">Rorschach-Test</subfield>
    </datafield>
    <datafield ind1="0" ind2=" " tag="689">
      <subfield code="5">DE-101</subfield>
      <subfield code="5">DE-101</subfield>
    </datafield>
    <datafield ind1="1" ind2=" " tag="700">
      <subfield code="0">(DE-588)114400202</subfield>
      <subfield code="0">(DE-101)114400202</subfield>
      <subfield code="a">Zillmer, Eric A.</subfield>
      <subfield code="4">cre</subfield>
    </datafield>
    <datafield ind1="r" ind2=" " tag="925">
      <subfield code="a">rg</subfield>
    </datafield>
  </record>