
  <record>
    <leader>01572pam a2200397 c 4500</leader>
    <controlfield tag="001">94764945X</controlfield>
    <controlfield tag="003">DE-101</controlfield>
    <controlfield tag="005">20070430122607.0</controlfield>
    <controlfield tag="007">tu</controlfield>
    <controlfield tag="008">960523s2004    gw |||||r|||| 00||||eng  </controlfield>
    <datafield ind1=" " ind2=" " tag="015">
      <subfield code="a">04,A15,1446</subfield>
      <subfield code="z">96,N51,0688</subfield>
      <subfield code="2">dnb</subfield>
    </datafield>
    <datafield ind1="7" ind2=" " tag="016">
      <subfield code="2">DE-101</subfield>
      <subfield code="a">94764945X</subfield>
    </datafield>
    <datafield ind1=" " ind2=" " tag="020">
      <subfield code="a">082043115X</subfield>
      <subfield code="c">Pp. : EUR 57.80, sfr 84.00</subfield>
      <subfield code="9">0-8204-3115-X</subfield>
    </datafield>
    <datafield ind1=" " ind2=" " tag="035">
      <subfield code="a">(DE-599)DNB94764945X</subfield>
    </datafield>
    <datafield ind1=" " ind2=" " tag="035">
      <subfield code="a">(OCoLC)722443372</subfield>
    </datafield>
    <datafield ind1=" " ind2=" " tag="040">
      <subfield code="a">1140</subfield>
      <subfield code="b">ger</subfield>
      <subfield code="c">DE-101</subfield>
      <subfield code="d">9999</subfield>
      <subfield code="e">rakwb</subfield>
    </datafield>
    <datafield ind1=" " ind2=" " tag="041">
      <subfield code="a">eng</subfield>
    </datafield>
    <datafield ind1=" " ind2=" " tag="044">
      <subfield code="c">XA-DE</subfield>
    </datafield>
    <datafield ind1="7" ind2="4" tag="082">
      <subfield code="a">820</subfield>
      <subfield code="a">150</subfield>
      <subfield code="q">DE-101</subfield>
      <subfield code="2">22sdnb</subfield>
    </datafield>
    <datafield ind1=" " ind2=" " tag="084">
      <subfield code="a">820</subfield>
      <subfield code="a">150</subfield>
      <subfield code="q">DE-101</subfield>
      <subfield code="2">sdnb</subfield>
    </datafield>
    <datafield ind1=" " ind2=" " tag="090">
      <subfield code="a">b</subfield>
    </datafield>
    <datafield ind1="1" ind2=" " tag="100">
      <subfield code="0">(DE-588)115169466</subfield>
      <subfield code="0">(DE-101)115169466</subfield>
      <subfield code="a">White, Judy Anne</subfield>
      <subfield code="4">aut</subfield>
    </datafield>
    <datafield ind1="1" ind2="0" tag="245">
      <subfield code="a">Hero-ego in search of self</subfield>
      <subfield code="b">a Jungian reading of Beowulf</subfield>
      <subfield code="c">Judy Anne White</subfield>
    </datafield>
    <datafield ind1="3" ind2=" " tag="260">
      <subfield code="a">New York</subfield>
      <subfield code="a">Washington, DC/Baltimore</subfield>
      <subfield code="a">Bern</subfield>
      <subfield code="a">Frankfurt am Main</subfield>
      <subfield code="a">Berlin</subfield>
      <subfield code="a">Brussels</subfield>
      <subfield code="a">Vienna</subfield>
      <subfield code="a">Oxford</subfield>
      <subfield code="b">Lang</subfield>
      <subfield code="c">2004</subfield>
    </datafield>
    <datafield ind1=" " ind2=" " tag="300">
      <subfield code="a">123 S.</subfield>
      <subfield code="c">24 cm</subfield>
    </datafield>
    <datafield ind1="1" ind2=" " tag="490">
      <subfield code="a">Studies in the humanities</subfield>
      <subfield code="v">Vol. 26</subfield>
    </datafield>
    <datafield ind1=" " ind2=" " tag="500">
      <subfield code="a">Literaturverz. S. 113 - 119</subfield>
    </datafield>
    <datafield ind1="0" ind2="7" tag="630">
      <subfield code="0">(DE-588)4128795-2</subfield>
      <subfield code="0">(DE-101)041287959</subfield>
      <subfield code="a">Beowulf</subfield>
      <subfield code="2">gnd</subfield>
    </datafield>
    <datafield ind1=" " ind2="7" tag="650">
      <subfield code="0">(DE-588)4399198-1</subfield>
      <subfield code="0">(DE-101)946612226</subfield>
      <subfield code="a">Selbst</subfield>
      <subfield code="9">g:Motiv</subfield>
      <subfield code="2">gnd</subfield>
    </datafield>
    <datafield ind1=" " ind2="7" tag="650">
      <subfield code="0">(DE-588)4129506-7</subfield>
      <subfield code="0">(DE-101)041295064</subfield>
      <subfield code="a">Analytische Psychologie</subfield>
      <subfield code="2">gnd</subfield>
    </datafield>
    <datafield ind1="0" ind2="0" tag="689">
      <subfield code="0">(DE-588)4128795-2</subfield>
      <subfield code="0">(DE-101)041287959</subfield>
      <subfield code="D">u</subfield>
      <subfield code="a">Beowulf</subfield>
    </datafield>
    <datafield ind1="0" ind2="1" tag="689">
      <subfield code="0">(DE-588)4399198-1</subfield>
      <subfield code="0">(DE-101)946612226</subfield>
      <subfield code="D">s</subfield>
      <subfield code="a">Selbst</subfield>
      <subfield code="9">g:Motiv</subfield>
    </datafield>
    <datafield ind1="0" ind2="2" tag="689">
      <subfield code="0">(DE-588)4129506-7</subfield>
      <subfield code="0">(DE-101)041295064</subfield>
      <subfield code="D">s</subfield>
      <subfield code="a">Analytische Psychologie</subfield>
    </datafield>
    <datafield ind1="0" ind2=" " tag="689">
      <subfield code="5">DE-101</subfield>
      <subfield code="5">DE-101</subfield>
    </datafield>
    <datafield ind1=" " ind2="0" tag="830">
      <subfield code="a">Studies in the humanities</subfield>
      <subfield code="v">Vol. 26</subfield>
      <subfield code="w">(DE-101)017197880</subfield>
      <subfield code="w">(DE-600)1192571-1</subfield>
      <subfield code="9">226</subfield>
    </datafield>
    <datafield ind1="r" ind2=" " tag="925">
      <subfield code="a">ra</subfield>
    </datafield>
  </record>