
  <record>
    <leader>01030nam a2200301 c 4500</leader>
    <controlfield tag="001">947868259</controlfield>
    <controlfield tag="003">DE-101</controlfield>
    <controlfield tag="005">20080101081718.0</controlfield>
    <controlfield tag="007">tu</controlfield>
    <controlfield tag="008">960618s1995    gw |||||r|||| 00||||ger  </controlfield>
    <datafield ind1=" " ind2=" " tag="015">
      <subfield code="a">96,A30,0058</subfield>
      <subfield code="2">dnb</subfield>
    </datafield>
    <datafield ind1="7" ind2=" " tag="016">
      <subfield code="2">DE-101</subfield>
      <subfield code="a">947868259</subfield>
    </datafield>
    <datafield ind1=" " ind2=" " tag="020">
      <subfield code="a">3773556322</subfield>
      <subfield code="c">Pp. : DM 19.80</subfield>
      <subfield code="9">3-7735-5632-2</subfield>
    </datafield>
    <datafield ind1=" " ind2=" " tag="035">
      <subfield code="a">(DE-599)DNB947868259</subfield>
    </datafield>
    <datafield ind1=" " ind2=" " tag="035">
      <subfield code="a">(OCoLC)75748834</subfield>
    </datafield>
    <datafield ind1=" " ind2=" " tag="040">
      <subfield code="a">1140</subfield>
      <subfield code="b">ger</subfield>
      <subfield code="c">DE-101</subfield>
      <subfield code="d">9999</subfield>
      <subfield code="e">rakwb</subfield>
    </datafield>
    <datafield ind1=" " ind2=" " tag="041">
      <subfield code="a">ger</subfield>
      <subfield code="h">fre</subfield>
    </datafield>
    <datafield ind1=" " ind2=" " tag="044">
      <subfield code="c">XA-DE</subfield>
    </datafield>
    <datafield ind1="7" ind2="4" tag="082">
      <subfield code="q">DE-101</subfield>
      <subfield code="2">22sdnb</subfield>
    </datafield>
    <datafield ind1=" " ind2=" " tag="084">
      <subfield code="a">07</subfield>
      <subfield code="a">K</subfield>
      <subfield code="q">DE-101</subfield>
      <subfield code="2">sdnb</subfield>
    </datafield>
    <datafield ind1="1" ind2="0" tag="245">
      <subfield code="a">Die drei Musketiere</subfield>
      <subfield code="b">[nach Alexandre Dumas]</subfield>
      <subfield code="c">[ill. von Van Gool - Lefèvre - Loiseaux. Dt. von Eva Schweikart]</subfield>
    </datafield>
    <datafield ind1="3" ind2=" " tag="260">
      <subfield code="a">Köln</subfield>
      <subfield code="b">Delphin-Verl.</subfield>
      <subfield code="c">1995</subfield>
    </datafield>
    <datafield ind1=" " ind2=" " tag="300">
      <subfield code="a">57 S.</subfield>
      <subfield code="b">überw. Ill.</subfield>
      <subfield code="c">30 cm</subfield>
    </datafield>
    <datafield ind1="0" ind2=" " tag="490">
      <subfield code="a">VanGool-Klassiker der Kinderliteratur</subfield>
    </datafield>
    <datafield ind1="1" ind2=" " tag="700">
      <subfield code="0">(DE-588)113140037</subfield>
      <subfield code="0">(DE-101)113140037</subfield>
      <subfield code="a">Schweikart, Eva</subfield>
      <subfield code="d">1959-</subfield>
      <subfield code="4">trl</subfield>
      <subfield code="e">Übers.</subfield>
    </datafield>
    <datafield ind1="2" ind2=" " tag="710">
      <subfield code="0">(DE-588)2128598-6</subfield>
      <subfield code="0">(DE-101)007754353</subfield>
      <subfield code="a">Van Gool Studio</subfield>
      <subfield code="g">Paris</subfield>
    </datafield>
    <datafield ind1="0" ind2=" " tag="730">
      <subfield code="a">Les trois mousquetaires</subfield>
      <subfield code="g">dt.</subfield>
    </datafield>
    <datafield ind1="r" ind2=" " tag="925">
      <subfield code="a">ra</subfield>
    </datafield>
  </record>