
  <record>
    <leader>01025pam a2200301 cc4500</leader>
    <controlfield tag="001">948023007</controlfield>
    <controlfield tag="003">DE-101</controlfield>
    <controlfield tag="005">20080101084234.0</controlfield>
    <controlfield tag="007">tu</controlfield>
    <controlfield tag="008">960708s1996    gw |||||r|||| 00||||ger  </controlfield>
    <datafield ind1=" " ind2=" " tag="015">
      <subfield code="a">97,A03,0163</subfield>
      <subfield code="z">96,N33,0139</subfield>
      <subfield code="2">dnb</subfield>
    </datafield>
    <datafield ind1="7" ind2=" " tag="016">
      <subfield code="2">DE-101</subfield>
      <subfield code="a">948023007</subfield>
    </datafield>
    <datafield ind1=" " ind2=" " tag="020">
      <subfield code="a">3472027711</subfield>
      <subfield code="c">kart. : DM 48.00, sfr 48.00, S 355.00</subfield>
      <subfield code="9">3-472-02771-1</subfield>
    </datafield>
    <datafield ind1=" " ind2=" " tag="035">
      <subfield code="a">(DE-599)DNB948023007</subfield>
    </datafield>
    <datafield ind1=" " ind2=" " tag="035">
      <subfield code="a">(OCoLC)75759839</subfield>
    </datafield>
    <datafield ind1=" " ind2=" " tag="040">
      <subfield code="a">1240</subfield>
      <subfield code="b">ger</subfield>
      <subfield code="c">DE-101</subfield>
      <subfield code="d">9999</subfield>
      <subfield code="e">rakwb</subfield>
    </datafield>
    <datafield ind1=" " ind2=" " tag="041">
      <subfield code="a">ger</subfield>
    </datafield>
    <datafield ind1=" " ind2=" " tag="044">
      <subfield code="c">XA-DE</subfield>
    </datafield>
    <datafield ind1="7" ind2="4" tag="082">
      <subfield code="q">DE-101</subfield>
      <subfield code="2">22sdnb</subfield>
    </datafield>
    <datafield ind1=" " ind2=" " tag="084">
      <subfield code="a">11</subfield>
      <subfield code="a">150</subfield>
      <subfield code="q">DE-101</subfield>
      <subfield code="2">sdnb</subfield>
    </datafield>
    <datafield ind1="1" ind2="0" tag="245">
      <subfield code="a">Studienbücher für soziale Berufe</subfield>
      <subfield code="n">[...]</subfield>
      <subfield code="p">Psychologie : Grundlagen und Perspektiven / Hans-Peter Langfeldt. Unter Mitarb. von Elisabeth Baumgartner ...</subfield>
    </datafield>
    <datafield ind1=" " ind2=" " tag="250">
      <subfield code="a">2. Aufl.</subfield>
    </datafield>
    <datafield ind1=" " ind2=" " tag="259">
      <subfield code="a">12</subfield>
    </datafield>
    <datafield ind1="3" ind2=" " tag="260">
      <subfield code="a">München/Unterschleißheim</subfield>
      <subfield code="b">Luchterhand</subfield>
      <subfield code="c">1996</subfield>
    </datafield>
    <datafield ind1=" " ind2=" " tag="300">
      <subfield code="a">VIII, 443 S.</subfield>
      <subfield code="c">Ill., graph. Darst.</subfield>
    </datafield>
    <datafield ind1="1" ind2=" " tag="700">
      <subfield code="0">(DE-588)120414511</subfield>
      <subfield code="0">(DE-101)120414511</subfield>
      <subfield code="a">Langfeldt, Hans-Peter</subfield>
      <subfield code="d">1943-</subfield>
      <subfield code="4">cre</subfield>
    </datafield>
    <datafield ind1="0" ind2="8" tag="773">
      <subfield code="q">ps</subfield>
      <subfield code="w">(DE-101)551931779</subfield>
    </datafield>
    <datafield ind1="r" ind2=" " tag="925">
      <subfield code="a">ra</subfield>
    </datafield>
  </record>