
  <record>
    <leader>01141nam a2200289 c 4500</leader>
    <controlfield tag="001">948237104</controlfield>
    <controlfield tag="003">DE-101</controlfield>
    <controlfield tag="005">20080101091809.0</controlfield>
    <controlfield tag="007">tu</controlfield>
    <controlfield tag="008">960801s1992    gw |||||r|||| 00||||ger  </controlfield>
    <datafield ind1=" " ind2=" " tag="015">
      <subfield code="a">96,B37,0058</subfield>
      <subfield code="2">dnb</subfield>
    </datafield>
    <datafield ind1="7" ind2=" " tag="016">
      <subfield code="2">DE-101</subfield>
      <subfield code="a">948237104</subfield>
    </datafield>
    <datafield ind1=" " ind2=" " tag="020">
      <subfield code="c">kart.</subfield>
    </datafield>
    <datafield ind1=" " ind2=" " tag="035">
      <subfield code="a">(DE-599)DNB948237104</subfield>
    </datafield>
    <datafield ind1=" " ind2=" " tag="035">
      <subfield code="a">(OCoLC)75773272</subfield>
    </datafield>
    <datafield ind1=" " ind2=" " tag="040">
      <subfield code="a">1240</subfield>
      <subfield code="b">ger</subfield>
      <subfield code="c">DE-101</subfield>
      <subfield code="d">9999</subfield>
      <subfield code="e">rakwb</subfield>
    </datafield>
    <datafield ind1=" " ind2=" " tag="041">
      <subfield code="a">ger</subfield>
    </datafield>
    <datafield ind1=" " ind2=" " tag="044">
      <subfield code="c">XA-DE</subfield>
    </datafield>
    <datafield ind1="7" ind2="4" tag="082">
      <subfield code="q">DE-101</subfield>
      <subfield code="2">22sdnb</subfield>
    </datafield>
    <datafield ind1=" " ind2=" " tag="084">
      <subfield code="a">11</subfield>
      <subfield code="a">14</subfield>
      <subfield code="a">150</subfield>
      <subfield code="q">DE-101</subfield>
      <subfield code="2">sdnb</subfield>
    </datafield>
    <datafield ind1="1" ind2="0" tag="245">
      <subfield code="a">Werte, existentielle Schuld und Hilfsbereitschaft gegenüber Indios und landlosen Bauern in Paraguay</subfield>
      <subfield code="c">Schmitt, M. ... [Universität Trier, Fachbereich I, Psychologie]</subfield>
    </datafield>
    <datafield ind1="3" ind2=" " tag="260">
      <subfield code="a">Trier</subfield>
      <subfield code="b">Univ., Psychologie</subfield>
      <subfield code="c">1992</subfield>
    </datafield>
    <datafield ind1=" " ind2=" " tag="300">
      <subfield code="a">32, [16] Bl.</subfield>
      <subfield code="c">30 cm</subfield>
    </datafield>
    <datafield ind1="1" ind2=" " tag="490">
      <subfield code="a">Berichte aus der Arbeitsgruppe Verantwortung, Gerechtigkeit, Moral</subfield>
      <subfield code="v">68</subfield>
    </datafield>
    <datafield ind1="1" ind2=" " tag="700">
      <subfield code="0">(DE-588)132779420</subfield>
      <subfield code="0">(DE-101)132779420</subfield>
      <subfield code="a">Schmitt, Manfred</subfield>
      <subfield code="4">cre</subfield>
    </datafield>
    <datafield ind1="2" ind2=" " tag="810">
      <subfield code="a">Universität Trier</subfield>
      <subfield code="b">Arbeitsgruppe Verantwortung, Gerechtigkeit, Moral</subfield>
      <subfield code="4">aut</subfield>
      <subfield code="t">Berichte aus der Arbeitsgruppe Verantwortung, Gerechtigkeit, Moral</subfield>
      <subfield code="v">68</subfield>
      <subfield code="w">(DE-101)01361908X</subfield>
      <subfield code="w">(DE-600)625735-5</subfield>
      <subfield code="9">268</subfield>
    </datafield>
    <datafield ind1="r" ind2=" " tag="925">
      <subfield code="a">rb</subfield>
    </datafield>
  </record>