
  <record>
    <leader>01484pam a2200397 c 4500</leader>
    <controlfield tag="001">948343362</controlfield>
    <controlfield tag="003">DE-101</controlfield>
    <controlfield tag="005">20110126010403.0</controlfield>
    <controlfield tag="007">tu</controlfield>
    <controlfield tag="008">960812s1996    gw |||||r|||| 00||||eng  </controlfield>
    <datafield ind1=" " ind2=" " tag="015">
      <subfield code="a">96,A45,0792</subfield>
      <subfield code="z">96,N36,0953</subfield>
      <subfield code="2">dnb</subfield>
    </datafield>
    <datafield ind1="7" ind2=" " tag="016">
      <subfield code="2">DE-101</subfield>
      <subfield code="a">948343362</subfield>
    </datafield>
    <datafield ind1=" " ind2=" " tag="020">
      <subfield code="a">3110151340</subfield>
      <subfield code="c">Pp.</subfield>
      <subfield code="9">3-11-015134-0</subfield>
    </datafield>
    <datafield ind1=" " ind2=" " tag="035">
      <subfield code="a">(DE-599)DNB948343362</subfield>
    </datafield>
    <datafield ind1=" " ind2=" " tag="035">
      <subfield code="a">(OCoLC)246436671</subfield>
    </datafield>
    <datafield ind1=" " ind2=" " tag="040">
      <subfield code="a">1140</subfield>
      <subfield code="b">ger</subfield>
      <subfield code="c">DE-101</subfield>
      <subfield code="d">9999</subfield>
      <subfield code="e">rakwb</subfield>
    </datafield>
    <datafield ind1=" " ind2=" " tag="041">
      <subfield code="a">eng</subfield>
    </datafield>
    <datafield ind1=" " ind2=" " tag="043">
      <subfield code="c">XA-GB</subfield>
    </datafield>
    <datafield ind1=" " ind2=" " tag="044">
      <subfield code="c">XA-DE</subfield>
    </datafield>
    <datafield ind1="7" ind2="4" tag="082">
      <subfield code="q">DE-101</subfield>
      <subfield code="2">22sdnb</subfield>
    </datafield>
    <datafield ind1=" " ind2=" " tag="084">
      <subfield code="a">52</subfield>
      <subfield code="a">420</subfield>
      <subfield code="a">810</subfield>
      <subfield code="a">820</subfield>
      <subfield code="q">DE-101</subfield>
      <subfield code="2">sdnb</subfield>
    </datafield>
    <datafield ind1=" " ind2=" " tag="084">
      <subfield code="a">12.2b</subfield>
      <subfield code="a">12.1a</subfield>
      <subfield code="q">DE-101</subfield>
      <subfield code="2">sswd</subfield>
    </datafield>
    <datafield ind1=" " ind2=" " tag="090">
      <subfield code="a">b</subfield>
    </datafield>
    <datafield ind1="1" ind2=" " tag="100">
      <subfield code="0">(DE-588)143306979</subfield>
      <subfield code="0">(DE-101)143306979</subfield>
      <subfield code="a">Suzuki, Seiichi</subfield>
      <subfield code="d">1956-</subfield>
      <subfield code="4">aut</subfield>
    </datafield>
    <datafield ind1="1" ind2="0" tag="245">
      <subfield code="a">The metrical organization of Beowulf</subfield>
      <subfield code="b">prototype and isomorphism</subfield>
      <subfield code="c">by Seiichi Suzuki</subfield>
    </datafield>
    <datafield ind1="3" ind2=" " tag="260">
      <subfield code="a">Berlin</subfield>
      <subfield code="a">New York</subfield>
      <subfield code="b">Mouton de Gruyter</subfield>
      <subfield code="c">1996</subfield>
    </datafield>
    <datafield ind1=" " ind2=" " tag="300">
      <subfield code="a">XXIV, 537 S.</subfield>
      <subfield code="c">24 cm</subfield>
    </datafield>
    <datafield ind1="1" ind2=" " tag="490">
      <subfield code="a">Trends in linguistics : [...], Studies and monographs</subfield>
      <subfield code="v">95</subfield>
    </datafield>
    <datafield ind1=" " ind2=" " tag="500">
      <subfield code="a">Literaturverz. S. 453 - 474</subfield>
    </datafield>
    <datafield ind1="0" ind2="7" tag="630">
      <subfield code="0">(DE-588)4128795-2</subfield>
      <subfield code="0">(DE-101)041287959</subfield>
      <subfield code="a">Beowulf</subfield>
      <subfield code="2">gnd</subfield>
    </datafield>
    <datafield ind1=" " ind2="7" tag="650">
      <subfield code="0">(DE-588)4039002-0</subfield>
      <subfield code="0">(DE-101)040390020</subfield>
      <subfield code="a">Metrik</subfield>
      <subfield code="2">gnd</subfield>
    </datafield>
    <datafield ind1="0" ind2="0" tag="689">
      <subfield code="0">(DE-588)4128795-2</subfield>
      <subfield code="0">(DE-101)041287959</subfield>
      <subfield code="D">u</subfield>
      <subfield code="a">Beowulf</subfield>
    </datafield>
    <datafield ind1="0" ind2="1" tag="689">
      <subfield code="0">(DE-588)4039002-0</subfield>
      <subfield code="0">(DE-101)040390020</subfield>
      <subfield code="D">s</subfield>
      <subfield code="a">Metrik</subfield>
    </datafield>
    <datafield ind1="0" ind2=" " tag="689">
      <subfield code="5">DE-101</subfield>
      <subfield code="5">DE-101</subfield>
    </datafield>
    <datafield ind1=" " ind2="0" tag="830">
      <subfield code="a">Trends in linguistics / Studies and monographs</subfield>
      <subfield code="n">[...]</subfield>
      <subfield code="p">Studies and monographs</subfield>
      <subfield code="t">Trends in linguistics</subfield>
      <subfield code="v">95</subfield>
      <subfield code="w">(DE-101)011130547</subfield>
      <subfield code="w">(DE-600)199296-x</subfield>
      <subfield code="9">295</subfield>
    </datafield>
    <datafield ind1="r" ind2=" " tag="925">
      <subfield code="a">ra</subfield>
    </datafield>
  </record>