
  <record>
    <leader>02091nam a2200445 c 4500</leader>
    <controlfield tag="001">94908297X</controlfield>
    <controlfield tag="003">DE-101</controlfield>
    <controlfield tag="005">20080101115959.0</controlfield>
    <controlfield tag="007">tu</controlfield>
    <controlfield tag="008">961114s1996    gw |||||r|||| 00||||ger  </controlfield>
    <datafield ind1=" " ind2=" " tag="015">
      <subfield code="a">97,B03,0045</subfield>
      <subfield code="2">dnb</subfield>
    </datafield>
    <datafield ind1="7" ind2=" " tag="016">
      <subfield code="2">DE-101</subfield>
      <subfield code="a">94908297X</subfield>
    </datafield>
    <datafield ind1=" " ind2=" " tag="020">
      <subfield code="a">3818501866</subfield>
      <subfield code="c">kart.</subfield>
      <subfield code="9">3-8185-0186-6</subfield>
    </datafield>
    <datafield ind1=" " ind2=" " tag="035">
      <subfield code="a">(DE-599)DNB94908297X</subfield>
    </datafield>
    <datafield ind1=" " ind2=" " tag="035">
      <subfield code="a">(OCoLC)75850072</subfield>
    </datafield>
    <datafield ind1=" " ind2=" " tag="040">
      <subfield code="a">1240</subfield>
      <subfield code="b">ger</subfield>
      <subfield code="c">DE-101</subfield>
      <subfield code="d">9999</subfield>
      <subfield code="e">rakwb</subfield>
    </datafield>
    <datafield ind1=" " ind2=" " tag="041">
      <subfield code="a">ger</subfield>
    </datafield>
    <datafield ind1=" " ind2=" " tag="044">
      <subfield code="c">XA-DE</subfield>
    </datafield>
    <datafield ind1="7" ind2="4" tag="082">
      <subfield code="q">DE-101</subfield>
      <subfield code="2">22sdnb</subfield>
    </datafield>
    <datafield ind1=" " ind2=" " tag="084">
      <subfield code="a">11</subfield>
      <subfield code="a">150</subfield>
      <subfield code="q">DE-101</subfield>
      <subfield code="2">sdnb</subfield>
    </datafield>
    <datafield ind1=" " ind2=" " tag="084">
      <subfield code="a">5.1b</subfield>
      <subfield code="q">DE-101</subfield>
      <subfield code="2">sswd</subfield>
    </datafield>
    <datafield ind1="1" ind2=" " tag="100">
      <subfield code="0">(DE-588)120732564</subfield>
      <subfield code="0">(DE-101)120732564</subfield>
      <subfield code="a">Rost, Detlef H.</subfield>
      <subfield code="d">1945-</subfield>
      <subfield code="4">aut</subfield>
    </datafield>
    <datafield ind1="1" ind2="0" tag="245">
      <subfield code="a">Itempositionsveränderungen in Persönlichkeitsfragebogen</subfield>
      <subfield code="b">methodischer Kunstfehler oder tolerierbare Praxis? = Changing the position of items in personality questionnaires</subfield>
      <subfield code="c">Detlef H. Rost &amp; Kathrin Hoberg. [Fachbereich Psychologie der Philipps-Universität]</subfield>
    </datafield>
    <datafield ind1=" " ind2=" " tag="250">
      <subfield code="a">Als Ms. gedr.</subfield>
    </datafield>
    <datafield ind1=" " ind2=" " tag="259">
      <subfield code="a">almg</subfield>
    </datafield>
    <datafield ind1="3" ind2=" " tag="260">
      <subfield code="a">Marburg</subfield>
      <subfield code="b">Fachbereich Psychologie der Philipps-Univ.</subfield>
      <subfield code="c">1996</subfield>
    </datafield>
    <datafield ind1=" " ind2=" " tag="300">
      <subfield code="a">26 S.</subfield>
      <subfield code="b">graph. Darst.</subfield>
      <subfield code="c">30 cm</subfield>
    </datafield>
    <datafield ind1="1" ind2=" " tag="490">
      <subfield code="a">Berichte aus dem Fachbereich Psychologie der Philipps-Universität Marburg/Lahn</subfield>
      <subfield code="v">Nr. 114</subfield>
    </datafield>
    <datafield ind1=" " ind2="7" tag="650">
      <subfield code="0">(DE-588)4303854-2</subfield>
      <subfield code="0">(DE-101)043038549</subfield>
      <subfield code="a">Kontexteffekt</subfield>
      <subfield code="2">gnd</subfield>
    </datafield>
    <datafield ind1=" " ind2="7" tag="650">
      <subfield code="0">(DE-588)4225738-4</subfield>
      <subfield code="0">(DE-101)042257387</subfield>
      <subfield code="a">Item</subfield>
      <subfield code="2">gnd</subfield>
    </datafield>
    <datafield ind1=" " ind2="7" tag="650">
      <subfield code="0">(DE-588)4124306-7</subfield>
      <subfield code="0">(DE-101)041243064</subfield>
      <subfield code="a">Testkonstruktion</subfield>
      <subfield code="2">gnd</subfield>
    </datafield>
    <datafield ind1=" " ind2="7" tag="650">
      <subfield code="0">(DE-588)4132666-0</subfield>
      <subfield code="0">(DE-101)041326660</subfield>
      <subfield code="a">Persönlichkeitstest</subfield>
      <subfield code="2">gnd</subfield>
    </datafield>
    <datafield ind1="0" ind2="0" tag="689">
      <subfield code="0">(DE-588)4303854-2</subfield>
      <subfield code="0">(DE-101)043038549</subfield>
      <subfield code="D">s</subfield>
      <subfield code="a">Kontexteffekt</subfield>
    </datafield>
    <datafield ind1="0" ind2="1" tag="689">
      <subfield code="0">(DE-588)4225738-4</subfield>
      <subfield code="0">(DE-101)042257387</subfield>
      <subfield code="D">s</subfield>
      <subfield code="a">Item</subfield>
    </datafield>
    <datafield ind1="0" ind2="2" tag="689">
      <subfield code="0">(DE-588)4124306-7</subfield>
      <subfield code="0">(DE-101)041243064</subfield>
      <subfield code="D">s</subfield>
      <subfield code="a">Testkonstruktion</subfield>
    </datafield>
    <datafield ind1="0" ind2="3" tag="689">
      <subfield code="0">(DE-588)4132666-0</subfield>
      <subfield code="0">(DE-101)041326660</subfield>
      <subfield code="D">s</subfield>
      <subfield code="a">Persönlichkeitstest</subfield>
    </datafield>
    <datafield ind1="0" ind2=" " tag="689">
      <subfield code="5">DE-101</subfield>
      <subfield code="5">DE-101</subfield>
    </datafield>
    <datafield ind1="1" ind2=" " tag="700">
      <subfield code="0">(DE-588)114842736</subfield>
      <subfield code="0">(DE-101)114842736</subfield>
      <subfield code="a">Hoberg, Kathrin</subfield>
      <subfield code="d">1968-</subfield>
      <subfield code="4">aut</subfield>
    </datafield>
    <datafield ind1="2" ind2=" " tag="810">
      <subfield code="a">Universität Marburg</subfield>
      <subfield code="b">Fachbereich Psychologie</subfield>
      <subfield code="4">aut</subfield>
      <subfield code="t">Berichte aus dem Fachbereich Psychologie der Philipps-Universität Marburg/Lahn</subfield>
      <subfield code="v">Nr. 114</subfield>
      <subfield code="w">(DE-101)012751944</subfield>
      <subfield code="w">(DE-600)518576-2</subfield>
      <subfield code="9">3114</subfield>
    </datafield>
    <datafield ind1="r" ind2=" " tag="925">
      <subfield code="a">rb</subfield>
    </datafield>
  </record>