
  <record>
    <leader>01127nam a2200277 c 4500</leader>
    <controlfield tag="001">949142557</controlfield>
    <controlfield tag="003">DE-101</controlfield>
    <controlfield tag="005">20080101120851.0</controlfield>
    <controlfield tag="007">tu</controlfield>
    <controlfield tag="008">961121s1978    gw |||||r|||| 00||||ger  </controlfield>
    <datafield ind1="7" ind2=" " tag="016">
      <subfield code="2">DE-101</subfield>
      <subfield code="a">949142557</subfield>
    </datafield>
    <datafield ind1=" " ind2=" " tag="020">
      <subfield code="c">kart.</subfield>
    </datafield>
    <datafield ind1=" " ind2=" " tag="035">
      <subfield code="a">(DE-599)DNB949142557</subfield>
    </datafield>
    <datafield ind1=" " ind2=" " tag="035">
      <subfield code="a">(OCoLC)75854804</subfield>
    </datafield>
    <datafield ind1=" " ind2=" " tag="040">
      <subfield code="a">1240</subfield>
      <subfield code="b">ger</subfield>
      <subfield code="c">DE-101</subfield>
      <subfield code="d">9999</subfield>
      <subfield code="e">rakwb</subfield>
    </datafield>
    <datafield ind1=" " ind2=" " tag="041">
      <subfield code="a">ger</subfield>
    </datafield>
    <datafield ind1=" " ind2=" " tag="044">
      <subfield code="c">XA-DE</subfield>
    </datafield>
    <datafield ind1="7" ind2="4" tag="082">
      <subfield code="q">DE-101</subfield>
      <subfield code="2">22sdnb</subfield>
    </datafield>
    <datafield ind1=" " ind2=" " tag="084">
      <subfield code="a">11</subfield>
      <subfield code="a">22</subfield>
      <subfield code="a">150</subfield>
      <subfield code="q">DE-101</subfield>
      <subfield code="2">sdnb</subfield>
    </datafield>
    <datafield ind1="1" ind2=" " tag="100">
      <subfield code="0">(DE-588)110425928</subfield>
      <subfield code="0">(DE-101)110425928</subfield>
      <subfield code="a">Doenges, Donald</subfield>
      <subfield code="4">aut</subfield>
    </datafield>
    <datafield ind1="1" ind2="0" tag="245">
      <subfield code="a">Die Fähigkeitskonzeption der Persönlichkeit und ihre Bedeutung für die Moralerziehung</subfield>
      <subfield code="c">Doenges, D. [Universität Trier, Fachbereich I, Psychologie]</subfield>
    </datafield>
    <datafield ind1="3" ind2=" " tag="260">
      <subfield code="a">Trier</subfield>
      <subfield code="b">Univ., Psychologie</subfield>
      <subfield code="c">1978</subfield>
    </datafield>
    <datafield ind1=" " ind2=" " tag="300">
      <subfield code="a">31 Bl.</subfield>
      <subfield code="b">graph. Darst.</subfield>
      <subfield code="c">30 cm</subfield>
    </datafield>
    <datafield ind1="1" ind2=" " tag="490">
      <subfield code="a">Berichte aus der Arbeitsgruppe Verantwortung, Gerechtigkeit, Moral</subfield>
      <subfield code="v">2</subfield>
    </datafield>
    <datafield ind1=" " ind2=" " tag="500">
      <subfield code="a">Literaturverz. Bl. 29 - 31</subfield>
    </datafield>
    <datafield ind1="2" ind2=" " tag="810">
      <subfield code="a">Universität Trier</subfield>
      <subfield code="b">Arbeitsgruppe Verantwortung, Gerechtigkeit, Moral</subfield>
      <subfield code="4">aut</subfield>
      <subfield code="t">Berichte aus der Arbeitsgruppe Verantwortung, Gerechtigkeit, Moral</subfield>
      <subfield code="v">2</subfield>
      <subfield code="w">(DE-101)01361908X</subfield>
      <subfield code="w">(DE-600)625735-5</subfield>
      <subfield code="9">12</subfield>
    </datafield>
  </record>