
  <record>
    <leader>01356pam a2200361 c 4500</leader>
    <controlfield tag="001">949834858</controlfield>
    <controlfield tag="003">DE-101</controlfield>
    <controlfield tag="005">20100213124110.0</controlfield>
    <controlfield tag="007">tu</controlfield>
    <controlfield tag="008">970221s1997    gw |||||r|||| 00||||ger  </controlfield>
    <datafield ind1=" " ind2=" " tag="015">
      <subfield code="a">97,A35,0287</subfield>
      <subfield code="z">97,N13,0329</subfield>
      <subfield code="2">dnb</subfield>
    </datafield>
    <datafield ind1="7" ind2=" " tag="016">
      <subfield code="2">DE-101</subfield>
      <subfield code="a">949834858</subfield>
    </datafield>
    <datafield ind1=" " ind2=" " tag="020">
      <subfield code="a">3779903970</subfield>
      <subfield code="c">kart. : DM 29.80, sfr 29.80, S 218.00</subfield>
      <subfield code="9">3-7799-0397-0</subfield>
    </datafield>
    <datafield ind1=" " ind2=" " tag="035">
      <subfield code="a">(DE-599)DNB949834858</subfield>
    </datafield>
    <datafield ind1=" " ind2=" " tag="035">
      <subfield code="a">(OCoLC)247167957</subfield>
    </datafield>
    <datafield ind1=" " ind2=" " tag="040">
      <subfield code="a">1240</subfield>
      <subfield code="b">ger</subfield>
      <subfield code="c">DE-101</subfield>
      <subfield code="d">9999</subfield>
      <subfield code="e">rakwb</subfield>
    </datafield>
    <datafield ind1=" " ind2=" " tag="041">
      <subfield code="a">ger</subfield>
    </datafield>
    <datafield ind1=" " ind2=" " tag="044">
      <subfield code="c">XA-DE</subfield>
    </datafield>
    <datafield ind1="7" ind2="4" tag="082">
      <subfield code="q">DE-101</subfield>
      <subfield code="2">22sdnb</subfield>
    </datafield>
    <datafield ind1=" " ind2=" " tag="084">
      <subfield code="a">16</subfield>
      <subfield code="a">14</subfield>
      <subfield code="a">320</subfield>
      <subfield code="q">DE-101</subfield>
      <subfield code="2">sdnb</subfield>
    </datafield>
    <datafield ind1=" " ind2=" " tag="084">
      <subfield code="a">8.1</subfield>
      <subfield code="a">9.3b</subfield>
      <subfield code="q">DE-101</subfield>
      <subfield code="2">sswd</subfield>
    </datafield>
    <datafield ind1="1" ind2=" " tag="100">
      <subfield code="0">(DE-588)115449302</subfield>
      <subfield code="0">(DE-101)115449302</subfield>
      <subfield code="a">Hopf, Christel</subfield>
      <subfield code="d">1942-</subfield>
      <subfield code="4">aut</subfield>
    </datafield>
    <datafield ind1="1" ind2="0" tag="245">
      <subfield code="a">Familie, Persönlichkeit, Politik</subfield>
      <subfield code="b">eine Einführung in die politische Sozialisation</subfield>
      <subfield code="c">Christel Hopf ; Wulf Hopf</subfield>
    </datafield>
    <datafield ind1="3" ind2=" " tag="260">
      <subfield code="a">Weinheim</subfield>
      <subfield code="b">Juventa</subfield>
      <subfield code="c">1997</subfield>
    </datafield>
    <datafield ind1=" " ind2=" " tag="300">
      <subfield code="a">216 S.</subfield>
      <subfield code="b">Ill.</subfield>
      <subfield code="c">23 cm</subfield>
    </datafield>
    <datafield ind1="0" ind2=" " tag="490">
      <subfield code="a">Grundlagentexte Soziologie</subfield>
    </datafield>
    <datafield ind1=" " ind2=" " tag="500">
      <subfield code="a">Literaturverz. S. 201 - 216</subfield>
    </datafield>
    <datafield ind1=" " ind2="7" tag="650">
      <subfield code="0">(DE-588)4129349-6</subfield>
      <subfield code="0">(DE-101)041293495</subfield>
      <subfield code="a">Politische Sozialisation</subfield>
      <subfield code="2">gnd</subfield>
    </datafield>
    <datafield ind1="0" ind2="0" tag="689">
      <subfield code="0">(DE-588)4129349-6</subfield>
      <subfield code="0">(DE-101)041293495</subfield>
      <subfield code="D">s</subfield>
      <subfield code="a">Politische Sozialisation</subfield>
    </datafield>
    <datafield ind1="0" ind2=" " tag="689">
      <subfield code="5">DE-101</subfield>
      <subfield code="5">DE-101</subfield>
    </datafield>
    <datafield ind1="1" ind2=" " tag="700">
      <subfield code="0">(DE-588)115449299</subfield>
      <subfield code="0">(DE-101)115449299</subfield>
      <subfield code="a">Hopf, Wulf</subfield>
      <subfield code="d">1944-</subfield>
      <subfield code="4">aut</subfield>
    </datafield>
    <datafield ind1="4" ind2="2" tag="856">
      <subfield code="m">V:DE-603</subfield>
      <subfield code="q">application/pdf</subfield>
      <subfield code="u">http://d-nb.info/949834858/04</subfield>
      <subfield code="3">Inhaltsverzeichnis</subfield>
    </datafield>
    <datafield ind1="r" ind2=" " tag="925">
      <subfield code="a">ra</subfield>
    </datafield>
  </record>