
  <record>
    <leader>01971pam a2200505 c 4500</leader>
    <controlfield tag="001">949956694</controlfield>
    <controlfield tag="003">DE-101</controlfield>
    <controlfield tag="005">20080101143211.0</controlfield>
    <controlfield tag="007">tu</controlfield>
    <controlfield tag="008">970310s1997    gw |||||r|||| 00||||ger  </controlfield>
    <datafield ind1=" " ind2=" " tag="015">
      <subfield code="a">97,A25,0101</subfield>
      <subfield code="z">97,N14,0056</subfield>
      <subfield code="2">dnb</subfield>
    </datafield>
    <datafield ind1="7" ind2=" " tag="016">
      <subfield code="2">DE-101</subfield>
      <subfield code="a">949956694</subfield>
    </datafield>
    <datafield ind1=" " ind2=" " tag="020">
      <subfield code="a">3826521846</subfield>
      <subfield code="c">kart. : DM 49.00, sfr 49.00, S 349.00</subfield>
      <subfield code="9">3-8265-2184-6</subfield>
    </datafield>
    <datafield ind1=" " ind2=" " tag="035">
      <subfield code="a">(DE-599)DNB949956694</subfield>
    </datafield>
    <datafield ind1=" " ind2=" " tag="035">
      <subfield code="a">(OCoLC)722832778</subfield>
    </datafield>
    <datafield ind1=" " ind2=" " tag="040">
      <subfield code="a">1140</subfield>
      <subfield code="b">ger</subfield>
      <subfield code="c">DE-101</subfield>
      <subfield code="d">9999</subfield>
      <subfield code="e">rakwb</subfield>
    </datafield>
    <datafield ind1=" " ind2=" " tag="041">
      <subfield code="a">ger</subfield>
    </datafield>
    <datafield ind1=" " ind2=" " tag="044">
      <subfield code="c">XA-DE</subfield>
    </datafield>
    <datafield ind1="7" ind2="4" tag="082">
      <subfield code="q">DE-101</subfield>
      <subfield code="2">22sdnb</subfield>
    </datafield>
    <datafield ind1=" " ind2=" " tag="084">
      <subfield code="a">11</subfield>
      <subfield code="a">150</subfield>
      <subfield code="q">DE-101</subfield>
      <subfield code="2">sdnb</subfield>
    </datafield>
    <datafield ind1=" " ind2=" " tag="084">
      <subfield code="a">5.5</subfield>
      <subfield code="a">5.1a</subfield>
      <subfield code="a">5.1a</subfield>
      <subfield code="a">5.5</subfield>
      <subfield code="a">5.1a</subfield>
      <subfield code="a">5.5</subfield>
      <subfield code="q">DE-101</subfield>
      <subfield code="2">sswd</subfield>
    </datafield>
    <datafield ind1=" " ind2=" " tag="090">
      <subfield code="a">b</subfield>
    </datafield>
    <datafield ind1="1" ind2=" " tag="100">
      <subfield code="0">(DE-588)123014328</subfield>
      <subfield code="0">(DE-101)123014328</subfield>
      <subfield code="a">Hinz, Jochen</subfield>
      <subfield code="d">1943-</subfield>
      <subfield code="4">aut</subfield>
    </datafield>
    <datafield ind1="1" ind2="0" tag="245">
      <subfield code="a">Facetten der Kreativität</subfield>
      <subfield code="b">Entwicklungsprozesse in Natur, Kultur und Persönlichkeit</subfield>
      <subfield code="c">Jochen Hinz</subfield>
    </datafield>
    <datafield ind1=" " ind2=" " tag="250">
      <subfield code="a">Als Ms. gedr.</subfield>
    </datafield>
    <datafield ind1=" " ind2=" " tag="259">
      <subfield code="a">almg</subfield>
    </datafield>
    <datafield ind1="3" ind2=" " tag="260">
      <subfield code="a">Aachen</subfield>
      <subfield code="b">Shaker</subfield>
      <subfield code="c">1997</subfield>
    </datafield>
    <datafield ind1=" " ind2=" " tag="300">
      <subfield code="a">79 S.</subfield>
      <subfield code="b">graph. Darst.</subfield>
      <subfield code="c">21 cm</subfield>
    </datafield>
    <datafield ind1="0" ind2=" " tag="490">
      <subfield code="a">Berichte aus der Psychologie</subfield>
    </datafield>
    <datafield ind1=" " ind2="7" tag="650">
      <subfield code="0">(DE-588)4032903-3</subfield>
      <subfield code="0">(DE-101)040329038</subfield>
      <subfield code="a">Kreativität</subfield>
      <subfield code="2">gnd</subfield>
    </datafield>
    <datafield ind1=" " ind2="7" tag="650">
      <subfield code="0">(DE-588)4115663-8</subfield>
      <subfield code="0">(DE-101)041156633</subfield>
      <subfield code="a">Psyche</subfield>
      <subfield code="2">gnd</subfield>
    </datafield>
    <datafield ind1=" " ind2="7" tag="650">
      <subfield code="0">(DE-588)4045242-6</subfield>
      <subfield code="0">(DE-101)040452425</subfield>
      <subfield code="a">Persönlichkeit</subfield>
      <subfield code="2">gnd</subfield>
    </datafield>
    <datafield ind1=" " ind2="7" tag="650">
      <subfield code="0">(DE-588)4032903-3</subfield>
      <subfield code="0">(DE-101)040329038</subfield>
      <subfield code="a">Kreativität</subfield>
      <subfield code="2">gnd</subfield>
    </datafield>
    <datafield ind1=" " ind2="7" tag="650">
      <subfield code="0">(DE-588)4014904-3</subfield>
      <subfield code="0">(DE-101)040149048</subfield>
      <subfield code="a">Entscheidung</subfield>
      <subfield code="2">gnd</subfield>
    </datafield>
    <datafield ind1=" " ind2="7" tag="650">
      <subfield code="0">(DE-588)4032903-3</subfield>
      <subfield code="0">(DE-101)040329038</subfield>
      <subfield code="a">Kreativität</subfield>
      <subfield code="2">gnd</subfield>
    </datafield>
    <datafield ind1="0" ind2="0" tag="689">
      <subfield code="0">(DE-588)4032903-3</subfield>
      <subfield code="0">(DE-101)040329038</subfield>
      <subfield code="D">s</subfield>
      <subfield code="a">Kreativität</subfield>
    </datafield>
    <datafield ind1="0" ind2="1" tag="689">
      <subfield code="0">(DE-588)4115663-8</subfield>
      <subfield code="0">(DE-101)041156633</subfield>
      <subfield code="D">s</subfield>
      <subfield code="a">Psyche</subfield>
    </datafield>
    <datafield ind1="0" ind2=" " tag="689">
      <subfield code="5">DE-101</subfield>
      <subfield code="5">DE-101</subfield>
    </datafield>
    <datafield ind1="1" ind2="0" tag="689">
      <subfield code="0">(DE-588)4045242-6</subfield>
      <subfield code="0">(DE-101)040452425</subfield>
      <subfield code="D">s</subfield>
      <subfield code="a">Persönlichkeit</subfield>
    </datafield>
    <datafield ind1="1" ind2="1" tag="689">
      <subfield code="0">(DE-588)4032903-3</subfield>
      <subfield code="0">(DE-101)040329038</subfield>
      <subfield code="D">s</subfield>
      <subfield code="a">Kreativität</subfield>
    </datafield>
    <datafield ind1="1" ind2=" " tag="689">
      <subfield code="5">DE-101</subfield>
      <subfield code="5">DE-101</subfield>
    </datafield>
    <datafield ind1="2" ind2="0" tag="689">
      <subfield code="0">(DE-588)4014904-3</subfield>
      <subfield code="0">(DE-101)040149048</subfield>
      <subfield code="D">s</subfield>
      <subfield code="a">Entscheidung</subfield>
    </datafield>
    <datafield ind1="2" ind2="1" tag="689">
      <subfield code="0">(DE-588)4032903-3</subfield>
      <subfield code="0">(DE-101)040329038</subfield>
      <subfield code="D">s</subfield>
      <subfield code="a">Kreativität</subfield>
    </datafield>
    <datafield ind1="2" ind2=" " tag="689">
      <subfield code="5">DE-101</subfield>
      <subfield code="5">DE-101</subfield>
    </datafield>
    <datafield ind1="r" ind2=" " tag="925">
      <subfield code="a">ra</subfield>
    </datafield>
  </record>