
  <record>
    <leader>01590nam a2200409 c 4500</leader>
    <controlfield tag="001">950618845</controlfield>
    <controlfield tag="003">DE-101</controlfield>
    <controlfield tag="005">20110417135557.0</controlfield>
    <controlfield tag="007">tu</controlfield>
    <controlfield tag="008">970610s1995    xxu|||||r|||| 00||||eng  </controlfield>
    <datafield ind1=" " ind2=" " tag="015">
      <subfield code="a">97,G03,0039</subfield>
      <subfield code="2">dnb</subfield>
    </datafield>
    <datafield ind1="7" ind2=" " tag="016">
      <subfield code="2">DE-101</subfield>
      <subfield code="a">950618845</subfield>
    </datafield>
    <datafield ind1=" " ind2=" " tag="020">
      <subfield code="a">0847680622</subfield>
      <subfield code="c">kart. : $ 21.95</subfield>
      <subfield code="9">0-8476-8062-2</subfield>
    </datafield>
    <datafield ind1=" " ind2=" " tag="020">
      <subfield code="a">0847680614</subfield>
      <subfield code="c">Pp. : $ 52.50</subfield>
      <subfield code="9">0-8476-8061-4</subfield>
    </datafield>
    <datafield ind1=" " ind2=" " tag="035">
      <subfield code="a">(DE-599)DNB950618845</subfield>
    </datafield>
    <datafield ind1=" " ind2=" " tag="035">
      <subfield code="a">(OCoLC)243815145</subfield>
    </datafield>
    <datafield ind1=" " ind2=" " tag="040">
      <subfield code="a">1140</subfield>
      <subfield code="b">ger</subfield>
      <subfield code="c">DE-101</subfield>
      <subfield code="d">9999</subfield>
      <subfield code="e">rakwb</subfield>
    </datafield>
    <datafield ind1=" " ind2=" " tag="041">
      <subfield code="a">eng</subfield>
    </datafield>
    <datafield ind1=" " ind2=" " tag="043">
      <subfield code="c">XA-DE</subfield>
      <subfield code="c">XA-FR</subfield>
    </datafield>
    <datafield ind1=" " ind2=" " tag="044">
      <subfield code="c">XD-US</subfield>
    </datafield>
    <datafield ind1="7" ind2="4" tag="082">
      <subfield code="q">DE-101</subfield>
      <subfield code="2">22sdnb</subfield>
    </datafield>
    <datafield ind1=" " ind2=" " tag="084">
      <subfield code="a">10</subfield>
      <subfield code="a">100</subfield>
      <subfield code="q">DE-101</subfield>
      <subfield code="2">sdnb</subfield>
    </datafield>
    <datafield ind1=" " ind2=" " tag="084">
      <subfield code="a">4.7p</subfield>
      <subfield code="a">12.2p</subfield>
      <subfield code="a">4.6</subfield>
      <subfield code="q">DE-101</subfield>
      <subfield code="2">sswd</subfield>
    </datafield>
    <datafield ind1=" " ind2=" " tag="090">
      <subfield code="a">b</subfield>
    </datafield>
    <datafield ind1="1" ind2=" " tag="100">
      <subfield code="0">(DE-588)115445846</subfield>
      <subfield code="0">(DE-101)115445846</subfield>
      <subfield code="a">Andrew, Edward</subfield>
      <subfield code="d">1941-</subfield>
      <subfield code="4">aut</subfield>
    </datafield>
    <datafield ind1="1" ind2="0" tag="245">
      <subfield code="a">The genealogy of values</subfield>
      <subfield code="b">the aesthetic economy of Nietzsche and Proust</subfield>
      <subfield code="c">Edward G. Andrew</subfield>
    </datafield>
    <datafield ind1="3" ind2=" " tag="260">
      <subfield code="a">Lanham, Md.</subfield>
      <subfield code="a">London</subfield>
      <subfield code="b">Rowman and Littlefield</subfield>
      <subfield code="c">1995</subfield>
    </datafield>
    <datafield ind1=" " ind2=" " tag="300">
      <subfield code="a">XXIV, 178 S.</subfield>
      <subfield code="c">24 cm</subfield>
    </datafield>
    <datafield ind1="1" ind2="7" tag="600">
      <subfield code="0">(DE-588)118587943</subfield>
      <subfield code="0">(DE-101)118587943</subfield>
      <subfield code="a">Nietzsche, Friedrich</subfield>
      <subfield code="d">1844-1900</subfield>
      <subfield code="2">gnd</subfield>
    </datafield>
    <datafield ind1="1" ind2="7" tag="600">
      <subfield code="0">(DE-588)118596799</subfield>
      <subfield code="0">(DE-101)118596799</subfield>
      <subfield code="a">Proust, Marcel</subfield>
      <subfield code="d">1871-1922</subfield>
      <subfield code="2">gnd</subfield>
    </datafield>
    <datafield ind1=" " ind2="7" tag="650">
      <subfield code="0">(DE-588)4000626-8</subfield>
      <subfield code="0">(DE-101)040006263</subfield>
      <subfield code="a">Ästhetik</subfield>
      <subfield code="2">gnd</subfield>
    </datafield>
    <datafield ind1="0" ind2="0" tag="689">
      <subfield code="0">(DE-588)118587943</subfield>
      <subfield code="0">(DE-101)118587943</subfield>
      <subfield code="D">p</subfield>
      <subfield code="a">Nietzsche, Friedrich</subfield>
      <subfield code="d">1844-1900</subfield>
    </datafield>
    <datafield ind1="0" ind2="1" tag="689">
      <subfield code="0">(DE-588)4000626-8</subfield>
      <subfield code="0">(DE-101)040006263</subfield>
      <subfield code="D">s</subfield>
      <subfield code="a">Ästhetik</subfield>
    </datafield>
    <datafield ind1="0" ind2="2" tag="689">
      <subfield code="0">(DE-588)118596799</subfield>
      <subfield code="0">(DE-101)118596799</subfield>
      <subfield code="D">p</subfield>
      <subfield code="a">Proust, Marcel</subfield>
      <subfield code="d">1871-1922</subfield>
    </datafield>
    <datafield ind1="0" ind2=" " tag="689">
      <subfield code="5">DE-101</subfield>
      <subfield code="5">DE-101</subfield>
    </datafield>
    <datafield ind1="4" ind2="2" tag="856">
      <subfield code="m">V:DE-605</subfield>
      <subfield code="q">application/pdf</subfield>
      <subfield code="u">http://d-nb.info/950618845/04</subfield>
      <subfield code="3">Inhaltsverzeichnis</subfield>
    </datafield>
    <datafield ind1="r" ind2=" " tag="925">
      <subfield code="a">rg</subfield>
    </datafield>
  </record>