
  <record>
    <leader>01430pam a2200409 c 4500</leader>
    <controlfield tag="001">950620076</controlfield>
    <controlfield tag="003">DE-101</controlfield>
    <controlfield tag="005">20100317112322.0</controlfield>
    <controlfield tag="007">tu</controlfield>
    <controlfield tag="008">970610s1998    gw |||||r|||| 00||||ger  </controlfield>
    <datafield ind1=" " ind2=" " tag="015">
      <subfield code="a">98,A12,1008</subfield>
      <subfield code="z">97,N33,0488</subfield>
      <subfield code="2">dnb</subfield>
    </datafield>
    <datafield ind1="7" ind2=" " tag="016">
      <subfield code="2">DE-101</subfield>
      <subfield code="a">950620076</subfield>
    </datafield>
    <datafield ind1=" " ind2=" " tag="020">
      <subfield code="a">3110148242</subfield>
      <subfield code="c">Pp. : DM 69.80</subfield>
      <subfield code="9">3-11-014824-2</subfield>
    </datafield>
    <datafield ind1=" " ind2=" " tag="020">
      <subfield code="a">3110156768</subfield>
      <subfield code="c">brosch. : DM 52.00</subfield>
      <subfield code="9">3-11-015676-8</subfield>
    </datafield>
    <datafield ind1=" " ind2=" " tag="035">
      <subfield code="a">(DE-599)DNB950620076</subfield>
    </datafield>
    <datafield ind1=" " ind2=" " tag="035">
      <subfield code="a">(OCoLC)247342122</subfield>
    </datafield>
    <datafield ind1=" " ind2=" " tag="040">
      <subfield code="a">1140</subfield>
      <subfield code="b">ger</subfield>
      <subfield code="c">DE-101</subfield>
      <subfield code="d">1260</subfield>
      <subfield code="e">rakwb</subfield>
    </datafield>
    <datafield ind1=" " ind2=" " tag="041">
      <subfield code="a">ger</subfield>
    </datafield>
    <datafield ind1=" " ind2=" " tag="044">
      <subfield code="c">XA-DE</subfield>
    </datafield>
    <datafield ind1="7" ind2="4" tag="082">
      <subfield code="q">DE-101</subfield>
      <subfield code="2">22sdnb</subfield>
    </datafield>
    <datafield ind1=" " ind2=" " tag="084">
      <subfield code="a">33</subfield>
      <subfield code="a">03</subfield>
      <subfield code="a">610</subfield>
      <subfield code="q">DE-101</subfield>
      <subfield code="2">sdnb</subfield>
    </datafield>
    <datafield ind1=" " ind2=" " tag="084">
      <subfield code="a">27.1a</subfield>
      <subfield code="q">DE-101</subfield>
      <subfield code="2">sswd</subfield>
    </datafield>
    <datafield ind1=" " ind2=" " tag="090">
      <subfield code="a">b</subfield>
    </datafield>
    <datafield ind1="1" ind2="0" tag="245">
      <subfield code="a">Pschyrembel Klinisches Wörterbuch</subfield>
      <subfield code="b">mit 250 Tabellen</subfield>
      <subfield code="c">bearb. von der Wörterbuch-Red. des Verl. unter der Leitung von Helmut Hildebrandt</subfield>
    </datafield>
    <datafield ind1="1" ind2="3" tag="246">
      <subfield code="a">Klinisches Wörterbuch</subfield>
    </datafield>
    <datafield ind1=" " ind2=" " tag="250">
      <subfield code="a">258., neu bearb. Aufl.</subfield>
    </datafield>
    <datafield ind1=" " ind2=" " tag="259">
      <subfield code="a">3258</subfield>
    </datafield>
    <datafield ind1="3" ind2=" " tag="260">
      <subfield code="a">Berlin</subfield>
      <subfield code="b">de Gruyter</subfield>
      <subfield code="c">1998</subfield>
    </datafield>
    <datafield ind1=" " ind2=" " tag="300">
      <subfield code="a">1745 S.</subfield>
      <subfield code="b">Ill., graph. Darst.</subfield>
      <subfield code="c">23 cm</subfield>
    </datafield>
    <datafield ind1=" " ind2="7" tag="650">
      <subfield code="0">(DE-588)4038243-6</subfield>
      <subfield code="0">(DE-101)040382435</subfield>
      <subfield code="a">Medizin</subfield>
      <subfield code="2">gnd</subfield>
    </datafield>
    <datafield ind1=" " ind2="7" tag="655">
      <subfield code="a">Wörterbuch</subfield>
      <subfield code="2">gnd</subfield>
    </datafield>
    <datafield ind1="0" ind2="0" tag="689">
      <subfield code="0">(DE-588)4038243-6</subfield>
      <subfield code="0">(DE-101)040382435</subfield>
      <subfield code="D">s</subfield>
      <subfield code="a">Medizin</subfield>
    </datafield>
    <datafield ind1="0" ind2="1" tag="689">
      <subfield code="A">f</subfield>
      <subfield code="a">Wörterbuch</subfield>
    </datafield>
    <datafield ind1="0" ind2=" " tag="689">
      <subfield code="5">DE-101</subfield>
      <subfield code="5">DE-101</subfield>
    </datafield>
    <datafield ind1="1" ind2=" " tag="700">
      <subfield code="0">(DE-588)102650462</subfield>
      <subfield code="0">(DE-101)102650462</subfield>
      <subfield code="a">Pschyrembel, Willibald</subfield>
      <subfield code="d">1901-1987</subfield>
      <subfield code="4">cre</subfield>
    </datafield>
    <datafield ind1="1" ind2=" " tag="700">
      <subfield code="0">(DE-588)105813621</subfield>
      <subfield code="0">(DE-101)105813621</subfield>
      <subfield code="a">Hildebrandt, Helmut</subfield>
      <subfield code="4">edt</subfield>
      <subfield code="e">Bearb.</subfield>
    </datafield>
    <datafield ind1="r" ind2=" " tag="925">
      <subfield code="a">ra</subfield>
    </datafield>
  </record>