
  <record>
    <leader>00878nam a2200217 c 4500</leader>
    <controlfield tag="001">951334735</controlfield>
    <controlfield tag="003">DE-101</controlfield>
    <controlfield tag="005">20130308141437.0</controlfield>
    <controlfield tag="007">tu</controlfield>
    <controlfield tag="008">970820s1986    xx |||||r|||| 00||||ger  </controlfield>
    <datafield ind1="7" ind2=" " tag="016">
      <subfield code="2">DE-101</subfield>
      <subfield code="a">951334735</subfield>
    </datafield>
    <datafield ind1=" " ind2=" " tag="035">
      <subfield code="a">(DE-599)DNB951334735</subfield>
    </datafield>
    <datafield ind1=" " ind2=" " tag="035">
      <subfield code="a">(OCoLC)75779116</subfield>
    </datafield>
    <datafield ind1=" " ind2=" " tag="040">
      <subfield code="a">1140</subfield>
      <subfield code="b">ger</subfield>
      <subfield code="c">DE-101</subfield>
      <subfield code="d">2001</subfield>
      <subfield code="e">rakwb</subfield>
    </datafield>
    <datafield ind1=" " ind2=" " tag="041">
      <subfield code="a">ger</subfield>
    </datafield>
    <datafield ind1=" " ind2=" " tag="044">
      <subfield code="c">XA-DDDE</subfield>
    </datafield>
    <datafield ind1="7" ind2="4" tag="082">
      <subfield code="q">DE-101</subfield>
      <subfield code="2">22sdnb</subfield>
    </datafield>
    <datafield ind1=" " ind2=" " tag="084">
      <subfield code="a">22</subfield>
      <subfield code="a">11</subfield>
      <subfield code="a">370</subfield>
      <subfield code="q">DE-101</subfield>
      <subfield code="2">sdnb</subfield>
    </datafield>
    <datafield ind1="1" ind2="0" tag="245">
      <subfield code="a">Wie ist die Erziehung der Kinder zur allseitig entwickelten Persönlichkeit und die Ausprägung ihrer Individualität zu gestalten?</subfield>
      <subfield code="b">Material für Lektoren zum Programm für die Weiterbildung der Lehrer der unteren Klassen und Horterzieher im Grundkurs Pädagogik und Psychologie</subfield>
      <subfield code="c">Ms.: J. Dumont ; B. Knorr</subfield>
    </datafield>
    <datafield ind1="3" ind2=" " tag="260">
      <subfield code="a">[Berlin]</subfield>
      <subfield code="b">Zentralinst. für Weiterbildung der Lehrer und Erzieher</subfield>
      <subfield code="c">1986</subfield>
    </datafield>
    <datafield ind1=" " ind2=" " tag="300">
      <subfield code="a">20 S.</subfield>
      <subfield code="c">21 cm</subfield>
    </datafield>
  </record>