
  <record>
    <leader>01032nam a2200301 c 4500</leader>
    <controlfield tag="001">95149709X</controlfield>
    <controlfield tag="003">DE-101</controlfield>
    <controlfield tag="005">20080101183653.0</controlfield>
    <controlfield tag="007">tu</controlfield>
    <controlfield tag="008">970912s1997    fr |||||r|||| 00||||fre  </controlfield>
    <datafield ind1=" " ind2=" " tag="015">
      <subfield code="a">97,G04,1374</subfield>
      <subfield code="2">dnb</subfield>
    </datafield>
    <datafield ind1="7" ind2=" " tag="016">
      <subfield code="2">DE-101</subfield>
      <subfield code="a">95149709X</subfield>
    </datafield>
    <datafield ind1=" " ind2=" " tag="020">
      <subfield code="a">8429312021</subfield>
      <subfield code="c">engl. brosch. : ffr 70.00</subfield>
      <subfield code="9">84-293-1202-1</subfield>
    </datafield>
    <datafield ind1=" " ind2=" " tag="035">
      <subfield code="a">(DE-599)DNB95149709X</subfield>
    </datafield>
    <datafield ind1=" " ind2=" " tag="035">
      <subfield code="a">(OCoLC)248701854</subfield>
    </datafield>
    <datafield ind1=" " ind2=" " tag="040">
      <subfield code="a">1140</subfield>
      <subfield code="b">ger</subfield>
      <subfield code="c">DE-101</subfield>
      <subfield code="d">9999</subfield>
      <subfield code="e">rakwb</subfield>
    </datafield>
    <datafield ind1=" " ind2=" " tag="041">
      <subfield code="a">fre</subfield>
      <subfield code="h">ger</subfield>
    </datafield>
    <datafield ind1=" " ind2=" " tag="044">
      <subfield code="c">XA-FR</subfield>
    </datafield>
    <datafield ind1="7" ind2="4" tag="082">
      <subfield code="q">DE-101</subfield>
      <subfield code="2">22sdnb</subfield>
    </datafield>
    <datafield ind1=" " ind2=" " tag="084">
      <subfield code="a">59</subfield>
      <subfield code="a">810</subfield>
      <subfield code="a">820</subfield>
      <subfield code="a">830</subfield>
      <subfield code="a">839</subfield>
      <subfield code="a">840</subfield>
      <subfield code="a">850</subfield>
      <subfield code="a">860</subfield>
      <subfield code="a">870</subfield>
      <subfield code="a">880</subfield>
      <subfield code="a">890</subfield>
      <subfield code="a">B</subfield>
      <subfield code="q">DE-101</subfield>
      <subfield code="2">sdnb</subfield>
    </datafield>
    <datafield ind1=" " ind2=" " tag="090">
      <subfield code="a">b</subfield>
    </datafield>
    <datafield ind1="1" ind2=" " tag="100">
      <subfield code="0">(DE-588)118513451</subfield>
      <subfield code="0">(DE-101)118513451</subfield>
      <subfield code="a">Borchert, Wolfgang</subfield>
      <subfield code="d">1921-1947</subfield>
      <subfield code="4">aut</subfield>
    </datafield>
    <datafield ind1="1" ind2="0" tag="245">
      <subfield code="a">Dehors devant la porte</subfield>
      <subfield code="b">une pièce qu'aucun théâtre ne voudra jouer et que personne ne voudra voir</subfield>
      <subfield code="c">Wolfgang Borchert. Trad. de l'allemand par Pierre Deshusses</subfield>
    </datafield>
    <datafield ind1="3" ind2=" " tag="260">
      <subfield code="a">Nîmes</subfield>
      <subfield code="b">Chambon</subfield>
      <subfield code="c">1997</subfield>
    </datafield>
    <datafield ind1=" " ind2=" " tag="300">
      <subfield code="a">119 S.</subfield>
    </datafield>
    <datafield ind1="0" ind2=" " tag="490">
      <subfield code="a">Collection Métro</subfield>
    </datafield>
    <datafield ind1="0" ind2=" " tag="730">
      <subfield code="a">Draußen vor der Tür</subfield>
      <subfield code="g">franz.</subfield>
    </datafield>
    <datafield ind1="r" ind2=" " tag="925">
      <subfield code="a">ru</subfield>
    </datafield>
  </record>