
  <record>
    <leader>01718nam a2200409 c 4500</leader>
    <controlfield tag="001">953066290</controlfield>
    <controlfield tag="003">DE-101</controlfield>
    <controlfield tag="005">20080101221743.0</controlfield>
    <controlfield tag="007">tu</controlfield>
    <controlfield tag="008">980224s1996    ne |||||r|||| 00||||dut  </controlfield>
    <datafield ind1=" " ind2=" " tag="015">
      <subfield code="a">03,G02,0503</subfield>
      <subfield code="2">dnb</subfield>
    </datafield>
    <datafield ind1="7" ind2=" " tag="016">
      <subfield code="2">DE-101</subfield>
      <subfield code="a">953066290</subfield>
    </datafield>
    <datafield ind1=" " ind2=" " tag="020">
      <subfield code="c">kart.</subfield>
    </datafield>
    <datafield ind1=" " ind2=" " tag="035">
      <subfield code="a">(DE-599)DNB953066290</subfield>
    </datafield>
    <datafield ind1=" " ind2=" " tag="035">
      <subfield code="a">(OCoLC)75891564</subfield>
    </datafield>
    <datafield ind1=" " ind2=" " tag="040">
      <subfield code="a">1140</subfield>
      <subfield code="b">ger</subfield>
      <subfield code="c">DE-101</subfield>
      <subfield code="d">9999</subfield>
      <subfield code="e">rakwb</subfield>
    </datafield>
    <datafield ind1=" " ind2=" " tag="041">
      <subfield code="a">dut</subfield>
    </datafield>
    <datafield ind1=" " ind2=" " tag="043">
      <subfield code="c">XT</subfield>
      <subfield code="c">XA</subfield>
    </datafield>
    <datafield ind1=" " ind2=" " tag="044">
      <subfield code="c">XA-NL</subfield>
    </datafield>
    <datafield ind1="7" ind2="4" tag="082">
      <subfield code="q">DE-101</subfield>
      <subfield code="2">22sdnb</subfield>
    </datafield>
    <datafield ind1=" " ind2=" " tag="084">
      <subfield code="a">63</subfield>
      <subfield code="a">52</subfield>
      <subfield code="a">900</subfield>
      <subfield code="a">920</subfield>
      <subfield code="a">930</subfield>
      <subfield code="a">940</subfield>
      <subfield code="a">943</subfield>
      <subfield code="a">950</subfield>
      <subfield code="a">960</subfield>
      <subfield code="a">970</subfield>
      <subfield code="a">980</subfield>
      <subfield code="a">990</subfield>
      <subfield code="q">DE-101</subfield>
      <subfield code="2">sdnb</subfield>
    </datafield>
    <datafield ind1=" " ind2=" " tag="084">
      <subfield code="a">16.1p</subfield>
      <subfield code="a">16.4a</subfield>
      <subfield code="a">12.2b</subfield>
      <subfield code="q">DE-101</subfield>
      <subfield code="2">sswd</subfield>
    </datafield>
    <datafield ind1="1" ind2=" " tag="100">
      <subfield code="0">(DE-588)11818766X</subfield>
      <subfield code="0">(DE-101)11818766X</subfield>
      <subfield code="a">Bazelmans, Jos</subfield>
      <subfield code="4">aut</subfield>
    </datafield>
    <datafield ind1="1" ind2="0" tag="245">
      <subfield code="a">Één voor allen, allen voor één</subfield>
      <subfield code="b">Tacitus' Germania, de Oudengelse Beowulf en het ritueel-kosmologische karakter van de relatie tussen heer en krijger-volgeling in Germaanse samenlevingen</subfield>
      <subfield code="c">door Josephus Godefridus Antonius Bazelmans</subfield>
    </datafield>
    <datafield ind1="3" ind2=" " tag="260">
      <subfield code="a">Amsterdam</subfield>
      <subfield code="b">Univ.</subfield>
      <subfield code="c">1996</subfield>
    </datafield>
    <datafield ind1=" " ind2=" " tag="300">
      <subfield code="a">281 S.</subfield>
      <subfield code="c">30 cm</subfield>
    </datafield>
    <datafield ind1=" " ind2=" " tag="502">
      <subfield code="a">Amsterdam, Univ., Diss., 1996</subfield>
    </datafield>
    <datafield ind1="1" ind2="7" tag="600">
      <subfield code="0">(DE-588)4078122-7</subfield>
      <subfield code="0">(DE-101)040781224</subfield>
      <subfield code="a">Tacitus, Cornelius</subfield>
      <subfield code="d">55-116/120n.Chr.</subfield>
      <subfield code="t">Germania</subfield>
      <subfield code="2">gnd</subfield>
    </datafield>
    <datafield ind1="0" ind2="7" tag="630">
      <subfield code="0">(DE-588)4128795-2</subfield>
      <subfield code="0">(DE-101)041287959</subfield>
      <subfield code="a">Beowulf</subfield>
      <subfield code="2">gnd</subfield>
    </datafield>
    <datafield ind1=" " ind2="7" tag="650">
      <subfield code="0">(DE-588)4020378-5</subfield>
      <subfield code="0">(DE-101)040203786</subfield>
      <subfield code="a">Germanen</subfield>
      <subfield code="2">gnd</subfield>
    </datafield>
    <datafield ind1=" " ind2="7" tag="650">
      <subfield code="0">(DE-588)4156255-0</subfield>
      <subfield code="0">(DE-101)041562550</subfield>
      <subfield code="a">Gefolgschaft</subfield>
      <subfield code="2">gnd</subfield>
    </datafield>
    <datafield ind1="0" ind2="0" tag="689">
      <subfield code="0">(DE-588)4078122-7</subfield>
      <subfield code="0">(DE-101)040781224</subfield>
      <subfield code="D">p</subfield>
      <subfield code="a">Tacitus, Cornelius</subfield>
      <subfield code="d">55-116/120n.Chr.</subfield>
      <subfield code="t">Germania</subfield>
    </datafield>
    <datafield ind1="0" ind2="1" tag="689">
      <subfield code="0">(DE-588)4020378-5</subfield>
      <subfield code="0">(DE-101)040203786</subfield>
      <subfield code="D">s</subfield>
      <subfield code="a">Germanen</subfield>
    </datafield>
    <datafield ind1="0" ind2="2" tag="689">
      <subfield code="0">(DE-588)4156255-0</subfield>
      <subfield code="0">(DE-101)041562550</subfield>
      <subfield code="D">s</subfield>
      <subfield code="a">Gefolgschaft</subfield>
    </datafield>
    <datafield ind1="0" ind2="3" tag="689">
      <subfield code="0">(DE-588)4128795-2</subfield>
      <subfield code="0">(DE-101)041287959</subfield>
      <subfield code="D">u</subfield>
      <subfield code="a">Beowulf</subfield>
    </datafield>
    <datafield ind1="0" ind2=" " tag="689">
      <subfield code="5">DE-101</subfield>
      <subfield code="5">DE-101</subfield>
    </datafield>
    <datafield ind1="r" ind2=" " tag="925">
      <subfield code="a">rg</subfield>
    </datafield>
  </record>