
  <record>
    <leader>01015nam a2200289 ca4500</leader>
    <controlfield tag="001">953079708</controlfield>
    <controlfield tag="003">DE-101</controlfield>
    <controlfield tag="005">20080101222111.0</controlfield>
    <controlfield tag="007">tu</controlfield>
    <controlfield tag="008">980225s        xx |||||r|||| 00||||ruso </controlfield>
    <datafield ind1="7" ind2=" " tag="016">
      <subfield code="2">DE-101</subfield>
      <subfield code="a">953079708</subfield>
    </datafield>
    <datafield ind1=" " ind2=" " tag="035">
      <subfield code="a">(DE-599)DNB953079708</subfield>
    </datafield>
    <datafield ind1=" " ind2=" " tag="035">
      <subfield code="a">(OCoLC)76067550</subfield>
    </datafield>
    <datafield ind1=" " ind2=" " tag="040">
      <subfield code="a">1140</subfield>
      <subfield code="b">ger</subfield>
      <subfield code="c">DE-101</subfield>
      <subfield code="d">9999</subfield>
      <subfield code="e">rakwb</subfield>
    </datafield>
    <datafield ind1=" " ind2=" " tag="041">
      <subfield code="a">rus</subfield>
      <subfield code="h">ger</subfield>
    </datafield>
    <datafield ind1=" " ind2=" " tag="044">
      <subfield code="c">XA-RU</subfield>
    </datafield>
    <datafield ind1="7" ind2="4" tag="082">
      <subfield code="q">DE-101</subfield>
      <subfield code="2">22sdnb</subfield>
    </datafield>
    <datafield ind1=" " ind2=" " tag="084">
      <subfield code="a">59</subfield>
      <subfield code="a">810</subfield>
      <subfield code="a">820</subfield>
      <subfield code="a">830</subfield>
      <subfield code="a">839</subfield>
      <subfield code="a">840</subfield>
      <subfield code="a">850</subfield>
      <subfield code="a">860</subfield>
      <subfield code="a">870</subfield>
      <subfield code="a">880</subfield>
      <subfield code="a">890</subfield>
      <subfield code="a">B</subfield>
      <subfield code="q">DE-101</subfield>
      <subfield code="2">sdnb</subfield>
    </datafield>
    <datafield ind1="1" ind2=" " tag="100">
      <subfield code="0">(DE-588)118190237</subfield>
      <subfield code="0">(DE-101)118190237</subfield>
      <subfield code="a">Füllborn, George</subfield>
      <subfield code="d">1837-1902</subfield>
      <subfield code="4">aut</subfield>
    </datafield>
    <datafield ind1="1" ind2="0" tag="245">
      <subfield code="a">Anna Avstrijskaja, ili Mušketery korolevy</subfield>
      <subfield code="b">istoričeskij roman</subfield>
      <subfield code="c">Georg Born. Per. s nemeckogo</subfield>
    </datafield>
    <datafield ind1="3" ind2=" " tag="260">
      <subfield code="a">Ob'</subfield>
      <subfield code="b">"ĖJa"</subfield>
    </datafield>
    <datafield ind1=" " ind2=" " tag="300">
      <subfield code="c">21 cm</subfield>
    </datafield>
    <datafield ind1="1" ind2=" " tag="490">
      <subfield code="a">Sobranie sočinenij</subfield>
      <subfield code="v">...</subfield>
    </datafield>
    <datafield ind1=" " ind2=" " tag="500">
      <subfield code="a">In kyrill. Schr., russ.</subfield>
    </datafield>
    <datafield ind1="0" ind2=" " tag="730">
      <subfield code="a">Anna von Österreich oder die drei Musketiere der Königin</subfield>
      <subfield code="g">russ.</subfield>
    </datafield>
    <datafield ind1="1" ind2=" " tag="800">
      <subfield code="a">Füllborn, George</subfield>
      <subfield code="d">1837-1902</subfield>
      <subfield code="4">aut</subfield>
      <subfield code="t">Sobranie sočinenij</subfield>
      <subfield code="v">...</subfield>
      <subfield code="w">(DE-101)953071456</subfield>
      <subfield code="9"> </subfield>
    </datafield>
    <datafield ind1="r" ind2=" " tag="925">
      <subfield code="a">ru</subfield>
    </datafield>
  </record>