
  <record>
    <leader>01294nam a2200373 c 4500</leader>
    <controlfield tag="001">955622239</controlfield>
    <controlfield tag="003">DE-101</controlfield>
    <controlfield tag="005">20080105180819.0</controlfield>
    <controlfield tag="007">tu</controlfield>
    <controlfield tag="008">990119s1998    gw |||||r|||| 00||||ger  </controlfield>
    <datafield ind1=" " ind2=" " tag="015">
      <subfield code="a">99,A10,0169</subfield>
      <subfield code="2">dnb</subfield>
    </datafield>
    <datafield ind1="7" ind2=" " tag="016">
      <subfield code="2">DE-101</subfield>
      <subfield code="a">955622239</subfield>
    </datafield>
    <datafield ind1=" " ind2=" " tag="020">
      <subfield code="a">3581671255</subfield>
      <subfield code="c">kart. : DM 14.90</subfield>
      <subfield code="9">3-581-67125-5</subfield>
    </datafield>
    <datafield ind1=" " ind2=" " tag="035">
      <subfield code="a">(DE-599)DNB955622239</subfield>
    </datafield>
    <datafield ind1=" " ind2=" " tag="035">
      <subfield code="a">(OCoLC)722596783</subfield>
    </datafield>
    <datafield ind1=" " ind2=" " tag="040">
      <subfield code="a">1240</subfield>
      <subfield code="b">ger</subfield>
      <subfield code="c">DE-101</subfield>
      <subfield code="d">9999</subfield>
      <subfield code="e">rakwb</subfield>
    </datafield>
    <datafield ind1=" " ind2=" " tag="041">
      <subfield code="a">ger</subfield>
    </datafield>
    <datafield ind1=" " ind2=" " tag="044">
      <subfield code="c">XA-DE</subfield>
    </datafield>
    <datafield ind1="7" ind2="4" tag="082">
      <subfield code="q">DE-101</subfield>
      <subfield code="2">22sdnb</subfield>
    </datafield>
    <datafield ind1=" " ind2=" " tag="084">
      <subfield code="a">11</subfield>
      <subfield code="a">150</subfield>
      <subfield code="q">DE-101</subfield>
      <subfield code="2">sdnb</subfield>
    </datafield>
    <datafield ind1=" " ind2=" " tag="084">
      <subfield code="a">5.5</subfield>
      <subfield code="q">DE-101</subfield>
      <subfield code="2">sswd</subfield>
    </datafield>
    <datafield ind1=" " ind2=" " tag="090">
      <subfield code="a">b</subfield>
    </datafield>
    <datafield ind1="1" ind2=" " tag="100">
      <subfield code="0">(DE-588)108701271</subfield>
      <subfield code="0">(DE-101)108701271</subfield>
      <subfield code="a">Ploog, Helmut</subfield>
      <subfield code="4">aut</subfield>
    </datafield>
    <datafield ind1="1" ind2="0" tag="245">
      <subfield code="a">Handschriften deuten</subfield>
      <subfield code="b">die Persönlichkeit im Spiegel der Schrift</subfield>
      <subfield code="c">von Helmut Ploog</subfield>
    </datafield>
    <datafield ind1=" " ind2=" " tag="250">
      <subfield code="a">Orig.-Ausg.</subfield>
    </datafield>
    <datafield ind1=" " ind2=" " tag="259">
      <subfield code="a">or</subfield>
    </datafield>
    <datafield ind1="3" ind2=" " tag="260">
      <subfield code="a">München</subfield>
      <subfield code="b">Humboldt-Taschenbuchverl. Jacobi</subfield>
      <subfield code="c">1998, [c 1998]</subfield>
    </datafield>
    <datafield ind1=" " ind2=" " tag="300">
      <subfield code="a">127 S.</subfield>
      <subfield code="b">Ill., graph. Darst.</subfield>
      <subfield code="c">18 cm</subfield>
    </datafield>
    <datafield ind1="1" ind2=" " tag="490">
      <subfield code="a">Humboldt-Taschenbuch</subfield>
      <subfield code="v">1125 : Lebenshilfe &amp; Psychologie</subfield>
    </datafield>
    <datafield ind1=" " ind2="7" tag="650">
      <subfield code="0">(DE-588)4021857-0</subfield>
      <subfield code="0">(DE-101)040218570</subfield>
      <subfield code="a">Graphologie</subfield>
      <subfield code="2">gnd</subfield>
    </datafield>
    <datafield ind1="0" ind2="0" tag="689">
      <subfield code="0">(DE-588)4021857-0</subfield>
      <subfield code="0">(DE-101)040218570</subfield>
      <subfield code="D">s</subfield>
      <subfield code="a">Graphologie</subfield>
    </datafield>
    <datafield ind1="0" ind2=" " tag="689">
      <subfield code="5">DE-101</subfield>
      <subfield code="5">DE-101</subfield>
    </datafield>
    <datafield ind1=" " ind2="0" tag="830">
      <subfield code="a">Humboldt-Taschenbuch</subfield>
      <subfield code="v">1125 : Lebenshilfe &amp; Psychologie</subfield>
      <subfield code="w">(DE-101)015109194</subfield>
      <subfield code="w">(DE-600)968952-7</subfield>
      <subfield code="9">41125</subfield>
    </datafield>
    <datafield ind1="r" ind2=" " tag="925">
      <subfield code="a">ra</subfield>
    </datafield>
  </record>