
  <record>
    <leader>02209nam a2200481 c 4500</leader>
    <controlfield tag="001">955898919</controlfield>
    <controlfield tag="003">DE-101</controlfield>
    <controlfield tag="005">20080105184206.0</controlfield>
    <controlfield tag="007">tu</controlfield>
    <controlfield tag="008">990225s1999    gw |||||rm||| 00||||ger  </controlfield>
    <datafield ind1=" " ind2=" " tag="015">
      <subfield code="a">99,B16,0044</subfield>
      <subfield code="2">dnb</subfield>
    </datafield>
    <datafield ind1="7" ind2=" " tag="016">
      <subfield code="2">DE-101</subfield>
      <subfield code="a">955898919</subfield>
    </datafield>
    <datafield ind1=" " ind2=" " tag="020">
      <subfield code="c">kart.</subfield>
    </datafield>
    <datafield ind1=" " ind2=" " tag="035">
      <subfield code="a">(DE-599)DNB955898919</subfield>
    </datafield>
    <datafield ind1=" " ind2=" " tag="035">
      <subfield code="a">(OCoLC)722742795</subfield>
    </datafield>
    <datafield ind1=" " ind2=" " tag="040">
      <subfield code="a">1240</subfield>
      <subfield code="b">ger</subfield>
      <subfield code="c">DE-101</subfield>
      <subfield code="d">9999</subfield>
      <subfield code="e">rakwb</subfield>
    </datafield>
    <datafield ind1=" " ind2=" " tag="041">
      <subfield code="a">ger</subfield>
    </datafield>
    <datafield ind1=" " ind2=" " tag="044">
      <subfield code="c">XA-DE</subfield>
    </datafield>
    <datafield ind1="7" ind2="4" tag="082">
      <subfield code="q">DE-101</subfield>
      <subfield code="2">22sdnb</subfield>
    </datafield>
    <datafield ind1=" " ind2=" " tag="084">
      <subfield code="a">11</subfield>
      <subfield code="a">150</subfield>
      <subfield code="q">DE-101</subfield>
      <subfield code="2">sdnb</subfield>
    </datafield>
    <datafield ind1=" " ind2=" " tag="084">
      <subfield code="a">5.5</subfield>
      <subfield code="a">5.1a</subfield>
      <subfield code="q">DE-101</subfield>
      <subfield code="2">sswd</subfield>
    </datafield>
    <datafield ind1=" " ind2=" " tag="090">
      <subfield code="a">b</subfield>
    </datafield>
    <datafield ind1="1" ind2=" " tag="100">
      <subfield code="0">(DE-588)120866862</subfield>
      <subfield code="0">(DE-101)120866862</subfield>
      <subfield code="a">Baumann, Nicola</subfield>
      <subfield code="4">aut</subfield>
    </datafield>
    <datafield ind1="1" ind2="0" tag="245">
      <subfield code="a">Selbst- versus Fremdbestimmung: zum Einfluß von Stimmung, Bewußtsein und Persönlichkeit</subfield>
      <subfield code="c">Nicola Baumann. Universität Osnabrück, Fachbereich Psychologie</subfield>
    </datafield>
    <datafield ind1="3" ind2=" " tag="260">
      <subfield code="a">Osnabrück</subfield>
      <subfield code="b">Univ., Fachbereich Psychologie</subfield>
      <subfield code="c">1999</subfield>
    </datafield>
    <datafield ind1=" " ind2=" " tag="300">
      <subfield code="a">376 S.</subfield>
      <subfield code="b">graph. Darst.</subfield>
      <subfield code="c">21 cm</subfield>
    </datafield>
    <datafield ind1="1" ind2=" " tag="490">
      <subfield code="a">Forschungsberichte aus dem Fachbereich Psychologie der Universität Osnabrück</subfield>
      <subfield code="v">Nr. 114</subfield>
    </datafield>
    <datafield ind1=" " ind2=" " tag="502">
      <subfield code="a">Zugl.: Osnabrück, Univ., Diss., 1998</subfield>
    </datafield>
    <datafield ind1=" " ind2="7" tag="650">
      <subfield code="0">(DE-588)4199421-8</subfield>
      <subfield code="0">(DE-101)041994213</subfield>
      <subfield code="a">Handlungsregulation</subfield>
      <subfield code="2">gnd</subfield>
    </datafield>
    <datafield ind1=" " ind2="7" tag="650">
      <subfield code="0">(DE-588)4121653-2</subfield>
      <subfield code="0">(DE-101)041216539</subfield>
      <subfield code="a">Selbst</subfield>
      <subfield code="2">gnd</subfield>
    </datafield>
    <datafield ind1=" " ind2="7" tag="650">
      <subfield code="0">(DE-588)4117713-7</subfield>
      <subfield code="0">(DE-101)041177134</subfield>
      <subfield code="a">Ziel</subfield>
      <subfield code="2">gnd</subfield>
    </datafield>
    <datafield ind1=" " ind2="7" tag="650">
      <subfield code="0">(DE-588)4162033-1</subfield>
      <subfield code="0">(DE-101)04162033X</subfield>
      <subfield code="a">Internalisierung</subfield>
      <subfield code="9">g:Psychologie</subfield>
      <subfield code="2">gnd</subfield>
    </datafield>
    <datafield ind1=" " ind2="7" tag="650">
      <subfield code="0">(DE-588)4173863-9</subfield>
      <subfield code="0">(DE-101)041738632</subfield>
      <subfield code="a">Persönlichkeitsfaktor</subfield>
      <subfield code="2">gnd</subfield>
    </datafield>
    <datafield ind1=" " ind2="7" tag="650">
      <subfield code="0">(DE-588)4140941-3</subfield>
      <subfield code="0">(DE-101)041409418</subfield>
      <subfield code="a">Stimmung</subfield>
      <subfield code="2">gnd</subfield>
    </datafield>
    <datafield ind1="0" ind2="0" tag="689">
      <subfield code="0">(DE-588)4199421-8</subfield>
      <subfield code="0">(DE-101)041994213</subfield>
      <subfield code="D">s</subfield>
      <subfield code="a">Handlungsregulation</subfield>
    </datafield>
    <datafield ind1="0" ind2="1" tag="689">
      <subfield code="0">(DE-588)4121653-2</subfield>
      <subfield code="0">(DE-101)041216539</subfield>
      <subfield code="D">s</subfield>
      <subfield code="a">Selbst</subfield>
    </datafield>
    <datafield ind1="0" ind2="2" tag="689">
      <subfield code="0">(DE-588)4117713-7</subfield>
      <subfield code="0">(DE-101)041177134</subfield>
      <subfield code="D">s</subfield>
      <subfield code="a">Ziel</subfield>
    </datafield>
    <datafield ind1="0" ind2="3" tag="689">
      <subfield code="0">(DE-588)4162033-1</subfield>
      <subfield code="0">(DE-101)04162033X</subfield>
      <subfield code="D">s</subfield>
      <subfield code="a">Internalisierung</subfield>
      <subfield code="9">g:Psychologie</subfield>
    </datafield>
    <datafield ind1="0" ind2="4" tag="689">
      <subfield code="0">(DE-588)4173863-9</subfield>
      <subfield code="0">(DE-101)041738632</subfield>
      <subfield code="D">s</subfield>
      <subfield code="a">Persönlichkeitsfaktor</subfield>
    </datafield>
    <datafield ind1="0" ind2="5" tag="689">
      <subfield code="0">(DE-588)4140941-3</subfield>
      <subfield code="0">(DE-101)041409418</subfield>
      <subfield code="D">s</subfield>
      <subfield code="a">Stimmung</subfield>
    </datafield>
    <datafield ind1="0" ind2=" " tag="689">
      <subfield code="5">DE-101</subfield>
      <subfield code="5">DE-101</subfield>
    </datafield>
    <datafield ind1="2" ind2=" " tag="810">
      <subfield code="a">Universität Osnabrück</subfield>
      <subfield code="b">Fachbereich Psychologie</subfield>
      <subfield code="4">aut</subfield>
      <subfield code="t">Forschungsberichte aus dem Fachbereich Psychologie der Universität Osnabrück</subfield>
      <subfield code="v">Nr. 114</subfield>
      <subfield code="w">(DE-101)01628853X</subfield>
      <subfield code="w">(DE-600)1098563-3</subfield>
      <subfield code="9">3114</subfield>
    </datafield>
    <datafield ind1="r" ind2=" " tag="925">
      <subfield code="a">rb</subfield>
    </datafield>
  </record>