
  <record>
    <leader>01451pam a2200397 c 4500</leader>
    <controlfield tag="001">956317170</controlfield>
    <controlfield tag="003">DE-101</controlfield>
    <controlfield tag="005">20080105194027.0</controlfield>
    <controlfield tag="007">tu</controlfield>
    <controlfield tag="008">990503s1999    gw |||||rm||| 00||||ger  </controlfield>
    <datafield ind1=" " ind2=" " tag="015">
      <subfield code="a">99,A44,0178</subfield>
      <subfield code="z">99,N27,0140</subfield>
      <subfield code="2">dnb</subfield>
    </datafield>
    <datafield ind1="7" ind2=" " tag="016">
      <subfield code="2">DE-101</subfield>
      <subfield code="a">956317170</subfield>
    </datafield>
    <datafield ind1=" " ind2=" " tag="020">
      <subfield code="a">3456832257</subfield>
      <subfield code="c">kart. : DM 49.80, sfr 44.80, S 364.00</subfield>
      <subfield code="9">3-456-83225-7</subfield>
    </datafield>
    <datafield ind1=" " ind2=" " tag="035">
      <subfield code="a">(DE-599)DNB956317170</subfield>
    </datafield>
    <datafield ind1=" " ind2=" " tag="035">
      <subfield code="a">(OCoLC)723040517</subfield>
    </datafield>
    <datafield ind1=" " ind2=" " tag="040">
      <subfield code="a">1140</subfield>
      <subfield code="b">ger</subfield>
      <subfield code="c">DE-101</subfield>
      <subfield code="d">9999</subfield>
      <subfield code="e">rakwb</subfield>
    </datafield>
    <datafield ind1=" " ind2=" " tag="041">
      <subfield code="a">ger</subfield>
    </datafield>
    <datafield ind1=" " ind2=" " tag="044">
      <subfield code="c">XA-DE</subfield>
    </datafield>
    <datafield ind1="7" ind2="4" tag="082">
      <subfield code="q">DE-101</subfield>
      <subfield code="2">22sdnb</subfield>
    </datafield>
    <datafield ind1=" " ind2=" " tag="084">
      <subfield code="a">11</subfield>
      <subfield code="a">33</subfield>
      <subfield code="a">150</subfield>
      <subfield code="q">DE-101</subfield>
      <subfield code="2">sdnb</subfield>
    </datafield>
    <datafield ind1=" " ind2=" " tag="084">
      <subfield code="a">5.5</subfield>
      <subfield code="q">DE-101</subfield>
      <subfield code="2">sswd</subfield>
    </datafield>
    <datafield ind1=" " ind2=" " tag="090">
      <subfield code="a">b</subfield>
    </datafield>
    <datafield ind1="1" ind2=" " tag="100">
      <subfield code="0">(DE-588)121049116</subfield>
      <subfield code="0">(DE-101)121049116</subfield>
      <subfield code="a">Weiß, Joachim</subfield>
      <subfield code="4">aut</subfield>
    </datafield>
    <datafield ind1="1" ind2="0" tag="245">
      <subfield code="a">Streßbewältigung und Gesundheit</subfield>
      <subfield code="b">die Persönlichkeit in Partnerschaft, Familie und Arbeitsleben</subfield>
      <subfield code="c">Joachim Weiß</subfield>
    </datafield>
    <datafield ind1=" " ind2=" " tag="250">
      <subfield code="a">1. Aufl.</subfield>
    </datafield>
    <datafield ind1=" " ind2=" " tag="259">
      <subfield code="a">11</subfield>
    </datafield>
    <datafield ind1="3" ind2=" " tag="260">
      <subfield code="a">Bern</subfield>
      <subfield code="a">Göttingen</subfield>
      <subfield code="a">Toronto</subfield>
      <subfield code="a">Seattle</subfield>
      <subfield code="b">Huber</subfield>
      <subfield code="c">1999</subfield>
    </datafield>
    <datafield ind1=" " ind2=" " tag="300">
      <subfield code="a">192 S.</subfield>
      <subfield code="b">graph. Darst.</subfield>
      <subfield code="c">23 cm</subfield>
    </datafield>
    <datafield ind1="0" ind2=" " tag="490">
      <subfield code="a">Aus dem Programm Huber: Psychologie-Forschung</subfield>
    </datafield>
    <datafield ind1=" " ind2=" " tag="502">
      <subfield code="a">Zugl.: München, Univ., Diss., 1998</subfield>
    </datafield>
    <datafield ind1=" " ind2="7" tag="650">
      <subfield code="0">(DE-588)4202646-5</subfield>
      <subfield code="0">(DE-101)042026466</subfield>
      <subfield code="a">Stressbewältigung</subfield>
      <subfield code="2">gnd</subfield>
    </datafield>
    <datafield ind1=" " ind2="7" tag="650">
      <subfield code="0">(DE-588)4245638-1</subfield>
      <subfield code="0">(DE-101)04245638X</subfield>
      <subfield code="a">Gesundheitspsychologie</subfield>
      <subfield code="2">gnd</subfield>
    </datafield>
    <datafield ind1="0" ind2="0" tag="689">
      <subfield code="0">(DE-588)4202646-5</subfield>
      <subfield code="0">(DE-101)042026466</subfield>
      <subfield code="D">s</subfield>
      <subfield code="a">Stressbewältigung</subfield>
    </datafield>
    <datafield ind1="0" ind2="1" tag="689">
      <subfield code="0">(DE-588)4245638-1</subfield>
      <subfield code="0">(DE-101)04245638X</subfield>
      <subfield code="D">s</subfield>
      <subfield code="a">Gesundheitspsychologie</subfield>
    </datafield>
    <datafield ind1="0" ind2=" " tag="689">
      <subfield code="5">DE-101</subfield>
      <subfield code="5">DE-101</subfield>
    </datafield>
    <datafield ind1="r" ind2=" " tag="925">
      <subfield code="a">ra</subfield>
    </datafield>
  </record>