
  <record>
    <leader>01371nam a2200313 c 4500</leader>
    <controlfield tag="001">956590616</controlfield>
    <controlfield tag="003">DE-101</controlfield>
    <controlfield tag="005">20080105200903.0</controlfield>
    <controlfield tag="007">tu</controlfield>
    <controlfield tag="008">990607s1998    gw |||||r|||| 11||||ger  </controlfield>
    <datafield ind1=" " ind2=" " tag="015">
      <subfield code="a">99,B30,0382</subfield>
      <subfield code="2">dnb</subfield>
    </datafield>
    <datafield ind1="7" ind2=" " tag="016">
      <subfield code="2">DE-101</subfield>
      <subfield code="a">956590616</subfield>
    </datafield>
    <datafield ind1=" " ind2=" " tag="020">
      <subfield code="c">kart.</subfield>
    </datafield>
    <datafield ind1=" " ind2=" " tag="035">
      <subfield code="a">(DE-599)DNB956590616</subfield>
    </datafield>
    <datafield ind1=" " ind2=" " tag="035">
      <subfield code="a">(OCoLC)722369634</subfield>
    </datafield>
    <datafield ind1=" " ind2=" " tag="040">
      <subfield code="a">1240</subfield>
      <subfield code="b">ger</subfield>
      <subfield code="c">DE-101</subfield>
      <subfield code="d">9999</subfield>
      <subfield code="e">rakwb</subfield>
    </datafield>
    <datafield ind1=" " ind2=" " tag="041">
      <subfield code="a">ger</subfield>
    </datafield>
    <datafield ind1=" " ind2=" " tag="044">
      <subfield code="c">XA-DE</subfield>
    </datafield>
    <datafield ind1="7" ind2="4" tag="082">
      <subfield code="q">DE-101</subfield>
      <subfield code="2">22sdnb</subfield>
    </datafield>
    <datafield ind1=" " ind2=" " tag="084">
      <subfield code="a">17</subfield>
      <subfield code="a">330</subfield>
      <subfield code="a">380</subfield>
      <subfield code="a">650</subfield>
      <subfield code="a">670</subfield>
      <subfield code="q">DE-101</subfield>
      <subfield code="2">sdnb</subfield>
    </datafield>
    <datafield ind1="1" ind2="0" tag="245">
      <subfield code="a">Wirtschaft und Werte</subfield>
      <subfield code="b">eine menschheitsgeschichtliche Mésalliance ; Festvortrag und Ansprachen anläßlich der Feier zum 65. Geburtstag von Prof. Dr. Reinhard Blum am 3. November 1998</subfield>
      <subfield code="c">Hans Albrecht Hartmann. [Hrsg. vom Rektor der Universität Augsburg]</subfield>
    </datafield>
    <datafield ind1="3" ind2=" " tag="260">
      <subfield code="a">Augsburg</subfield>
      <subfield code="b">Rektor der Univ.</subfield>
      <subfield code="c">1998</subfield>
    </datafield>
    <datafield ind1=" " ind2=" " tag="300">
      <subfield code="a">64 S.</subfield>
      <subfield code="b">Ill.</subfield>
      <subfield code="c">21 cm</subfield>
    </datafield>
    <datafield ind1="1" ind2=" " tag="490">
      <subfield code="a">Augsburger Universitätsreden / Universität Augsburg</subfield>
      <subfield code="v">37</subfield>
    </datafield>
    <datafield ind1="1" ind2=" " tag="700">
      <subfield code="0">(DE-588)120001020</subfield>
      <subfield code="0">(DE-101)120001020</subfield>
      <subfield code="a">Hartmann, Hans A.</subfield>
      <subfield code="d">1938-</subfield>
      <subfield code="4">cre</subfield>
    </datafield>
    <datafield ind1="1" ind2=" " tag="700">
      <subfield code="0">(DE-588)120657503</subfield>
      <subfield code="0">(DE-101)120657503</subfield>
      <subfield code="a">Blum, Reinhard</subfield>
      <subfield code="d">1933-</subfield>
      <subfield code="4">hnr</subfield>
      <subfield code="t">Festschrift</subfield>
    </datafield>
    <datafield ind1="2" ind2=" " tag="711">
      <subfield code="0">(DE-588)2177572-2</subfield>
      <subfield code="0">(DE-101)956598900</subfield>
      <subfield code="a">Feier zum 65. Geburtstag von Prof. Dr. Reinhard Blum</subfield>
      <subfield code="d">1998</subfield>
      <subfield code="c">Augsburg</subfield>
    </datafield>
    <datafield ind1="2" ind2=" " tag="810">
      <subfield code="a">Universität Augsburg</subfield>
      <subfield code="4">aut</subfield>
      <subfield code="t">Augsburger Universitätsreden</subfield>
      <subfield code="v">37</subfield>
      <subfield code="w">(DE-101)011493526</subfield>
      <subfield code="w">(DE-600)246499-8</subfield>
      <subfield code="9">237</subfield>
    </datafield>
    <datafield ind1="r" ind2=" " tag="925">
      <subfield code="a">rb</subfield>
    </datafield>
  </record>