
  <record>
    <leader>01597pam a2200385 c 4500</leader>
    <controlfield tag="001">956682049</controlfield>
    <controlfield tag="003">DE-101</controlfield>
    <controlfield tag="005">20080105202126.0</controlfield>
    <controlfield tag="007">tu</controlfield>
    <controlfield tag="008">990618s2000    gw |||||r|||| 00||||ger  </controlfield>
    <datafield ind1=" " ind2=" " tag="015">
      <subfield code="a">00,A14,0100</subfield>
      <subfield code="z">00,N02,0029</subfield>
      <subfield code="2">dnb</subfield>
    </datafield>
    <datafield ind1="7" ind2=" " tag="016">
      <subfield code="2">DE-101</subfield>
      <subfield code="a">956682049</subfield>
    </datafield>
    <datafield ind1=" " ind2=" " tag="020">
      <subfield code="a">3806747512</subfield>
      <subfield code="c">Pp. : DM 24.90, EUR 12.73</subfield>
      <subfield code="9">3-8067-4751-2</subfield>
    </datafield>
    <datafield ind1=" " ind2=" " tag="035">
      <subfield code="a">(DE-599)DNB956682049</subfield>
    </datafield>
    <datafield ind1=" " ind2=" " tag="035">
      <subfield code="a">(OCoLC)75991918</subfield>
    </datafield>
    <datafield ind1=" " ind2=" " tag="040">
      <subfield code="a">1240</subfield>
      <subfield code="b">ger</subfield>
      <subfield code="c">DE-101</subfield>
      <subfield code="d">9999</subfield>
      <subfield code="e">rakwb</subfield>
    </datafield>
    <datafield ind1=" " ind2=" " tag="041">
      <subfield code="a">ger</subfield>
      <subfield code="h">eng</subfield>
    </datafield>
    <datafield ind1=" " ind2=" " tag="044">
      <subfield code="c">XA-DE</subfield>
    </datafield>
    <datafield ind1="7" ind2="4" tag="082">
      <subfield code="q">DE-101</subfield>
      <subfield code="2">22sdnb</subfield>
    </datafield>
    <datafield ind1=" " ind2=" " tag="084">
      <subfield code="a">07</subfield>
      <subfield code="a">55</subfield>
      <subfield code="a">K</subfield>
      <subfield code="q">DE-101</subfield>
      <subfield code="2">sdnb</subfield>
    </datafield>
    <datafield ind1=" " ind2=" " tag="090">
      <subfield code="a">b</subfield>
    </datafield>
    <datafield ind1="1" ind2="0" tag="245">
      <subfield code="a">Die drei Musketiere</subfield>
      <subfield code="b">[gekürzte Fassung ; für Kinder ab 10 Jahren]</subfield>
      <subfield code="c">Alexandre Dumas. Neu erzählt von Michael Leitch. Ill. von Victor Ambrus. [Aus dem Engl. von Cornelia Panzacchi. Red. Bearb. der dt.-sprachigen Ausg. von Sylke Hachmeister]</subfield>
    </datafield>
    <datafield ind1="3" ind2=" " tag="260">
      <subfield code="a">Hildesheim</subfield>
      <subfield code="b">Gerstenberg</subfield>
      <subfield code="c">2000</subfield>
    </datafield>
    <datafield ind1=" " ind2=" " tag="300">
      <subfield code="a">64 S.</subfield>
      <subfield code="b">zahlr. Ill.</subfield>
      <subfield code="c">27 cm</subfield>
    </datafield>
    <datafield ind1="0" ind2=" " tag="490">
      <subfield code="a">Visuelle Bibliothek</subfield>
    </datafield>
    <datafield ind1="1" ind2="7" tag="600">
      <subfield code="0">(DE-588)4392104-8</subfield>
      <subfield code="0">(DE-101)946063052</subfield>
      <subfield code="a">Dumas, Alexandre</subfield>
      <subfield code="d">1802-1870</subfield>
      <subfield code="t">Les trois mousquetaires</subfield>
      <subfield code="2">gnd</subfield>
    </datafield>
    <datafield ind1=" " ind2="7" tag="655">
      <subfield code="a">Jugendsachbuch</subfield>
      <subfield code="2">gnd</subfield>
    </datafield>
    <datafield ind1="0" ind2="0" tag="689">
      <subfield code="0">(DE-588)4392104-8</subfield>
      <subfield code="0">(DE-101)946063052</subfield>
      <subfield code="D">p</subfield>
      <subfield code="a">Dumas, Alexandre</subfield>
      <subfield code="d">1802-1870</subfield>
      <subfield code="t">Les trois mousquetaires</subfield>
    </datafield>
    <datafield ind1="0" ind2="1" tag="689">
      <subfield code="A">f</subfield>
      <subfield code="a">Jugendsachbuch</subfield>
    </datafield>
    <datafield ind1="0" ind2=" " tag="689">
      <subfield code="5">DE-101</subfield>
      <subfield code="5">DE-101</subfield>
    </datafield>
    <datafield ind1="1" ind2=" " tag="700">
      <subfield code="0">(DE-588)109881710</subfield>
      <subfield code="0">(DE-101)109881710</subfield>
      <subfield code="a">Leitch, Michael</subfield>
      <subfield code="4">cre</subfield>
    </datafield>
    <datafield ind1="1" ind2=" " tag="700">
      <subfield code="0">(DE-588)107441063</subfield>
      <subfield code="0">(DE-101)107441063</subfield>
      <subfield code="a">Ambrus, Victor</subfield>
      <subfield code="d">1935-</subfield>
      <subfield code="4">cre</subfield>
    </datafield>
    <datafield ind1="1" ind2=" " tag="700">
      <subfield code="0">(DE-588)113243057</subfield>
      <subfield code="0">(DE-101)113243057</subfield>
      <subfield code="a">Hachmeister, Sylke</subfield>
      <subfield code="d">1966-</subfield>
      <subfield code="4">red</subfield>
      <subfield code="e">Red.</subfield>
    </datafield>
    <datafield ind1="0" ind2=" " tag="730">
      <subfield code="a">The three musketeers</subfield>
      <subfield code="g">dt.</subfield>
    </datafield>
    <datafield ind1="r" ind2=" " tag="925">
      <subfield code="a">ra</subfield>
    </datafield>
  </record>