
  <record>
    <leader>01119nam a2200301 c 4500</leader>
    <controlfield tag="001">957294964</controlfield>
    <controlfield tag="003">DE-101</controlfield>
    <controlfield tag="005">20080105212034.0</controlfield>
    <controlfield tag="007">tu</controlfield>
    <controlfield tag="008">990823s1999    gw |||||r|||| 00||||ger  </controlfield>
    <datafield ind1=" " ind2=" " tag="015">
      <subfield code="a">99,B41,0780</subfield>
      <subfield code="2">dnb</subfield>
    </datafield>
    <datafield ind1="7" ind2=" " tag="016">
      <subfield code="2">DE-101</subfield>
      <subfield code="a">957294964</subfield>
    </datafield>
    <datafield ind1=" " ind2=" " tag="020">
      <subfield code="a">3929796473</subfield>
      <subfield code="c">kart. : DM 48.00</subfield>
      <subfield code="9">3-929796-47-3</subfield>
    </datafield>
    <datafield ind1=" " ind2=" " tag="035">
      <subfield code="a">(DE-599)DNB957294964</subfield>
    </datafield>
    <datafield ind1=" " ind2=" " tag="035">
      <subfield code="a">(OCoLC)76024701</subfield>
    </datafield>
    <datafield ind1=" " ind2=" " tag="040">
      <subfield code="a">1240</subfield>
      <subfield code="b">ger</subfield>
      <subfield code="c">DE-101</subfield>
      <subfield code="d">9999</subfield>
      <subfield code="e">rakwb</subfield>
    </datafield>
    <datafield ind1=" " ind2=" " tag="041">
      <subfield code="a">ger</subfield>
    </datafield>
    <datafield ind1=" " ind2=" " tag="044">
      <subfield code="c">XA-DE</subfield>
    </datafield>
    <datafield ind1="7" ind2="4" tag="082">
      <subfield code="q">DE-101</subfield>
      <subfield code="2">22sdnb</subfield>
    </datafield>
    <datafield ind1=" " ind2=" " tag="084">
      <subfield code="a">38</subfield>
      <subfield code="a">660</subfield>
      <subfield code="a">690</subfield>
      <subfield code="q">DE-101</subfield>
      <subfield code="2">sdnb</subfield>
    </datafield>
    <datafield ind1="1" ind2=" " tag="100">
      <subfield code="0">(DE-588)121348121</subfield>
      <subfield code="0">(DE-101)121348121</subfield>
      <subfield code="a">Böhmer, Heike</subfield>
      <subfield code="4">aut</subfield>
    </datafield>
    <datafield ind1="1" ind2="0" tag="245">
      <subfield code="a">K-Werte alter Bauteile</subfield>
      <subfield code="b">Arbeitsunterlagen zur Rationalisierung wärmeschutztechnischer Berechnungen bei der Modernisierung</subfield>
      <subfield code="c">Heike Böhmer. [RG-Bau, RKW. Auftraggeber: RKW - Rationalisierungs- und Innovationszentrum der Deutschen Wirtschaft e.V. Auftragnehmer: Institut für Bauforschung e.V.]</subfield>
    </datafield>
    <datafield ind1=" " ind2=" " tag="250">
      <subfield code="a">3., völlig überarb. Aufl.</subfield>
    </datafield>
    <datafield ind1=" " ind2=" " tag="259">
      <subfield code="a">13</subfield>
    </datafield>
    <datafield ind1="3" ind2=" " tag="260">
      <subfield code="a">Eschborn</subfield>
      <subfield code="b">RKW</subfield>
      <subfield code="c">1999</subfield>
    </datafield>
    <datafield ind1=" " ind2=" " tag="300">
      <subfield code="a">128 S.</subfield>
      <subfield code="b">graph. Darst.</subfield>
      <subfield code="c">30 cm</subfield>
    </datafield>
    <datafield ind1=" " ind2=" " tag="500">
      <subfield code="a">Literaturverz. S. 122 - 125</subfield>
    </datafield>
    <datafield ind1="r" ind2=" " tag="925">
      <subfield code="a">rb</subfield>
    </datafield>
  </record>