
  <record>
    <leader>01439nam a2200397 c 4500</leader>
    <controlfield tag="001">957901968</controlfield>
    <controlfield tag="003">DE-101</controlfield>
    <controlfield tag="005">20080105223914.0</controlfield>
    <controlfield tag="007">tu</controlfield>
    <controlfield tag="008">991119s1999    gw |||||r|||| 00||||ger  </controlfield>
    <datafield ind1=" " ind2=" " tag="015">
      <subfield code="a">00,A02,0155</subfield>
      <subfield code="2">dnb</subfield>
    </datafield>
    <datafield ind1="7" ind2=" " tag="016">
      <subfield code="2">DE-101</subfield>
      <subfield code="a">957901968</subfield>
    </datafield>
    <datafield ind1=" " ind2=" " tag="020">
      <subfield code="a">3499609223</subfield>
      <subfield code="c">kart. : DM 19.90, sfr 19,00, S 145.00</subfield>
      <subfield code="9">3-499-60922-3</subfield>
    </datafield>
    <datafield ind1=" " ind2=" " tag="035">
      <subfield code="a">(DE-599)DNB957901968</subfield>
    </datafield>
    <datafield ind1=" " ind2=" " tag="035">
      <subfield code="a">(OCoLC)76078490</subfield>
    </datafield>
    <datafield ind1=" " ind2=" " tag="040">
      <subfield code="a">1240</subfield>
      <subfield code="b">ger</subfield>
      <subfield code="c">DE-101</subfield>
      <subfield code="d">9999</subfield>
      <subfield code="e">rakwb</subfield>
    </datafield>
    <datafield ind1=" " ind2=" " tag="041">
      <subfield code="a">ger</subfield>
    </datafield>
    <datafield ind1=" " ind2=" " tag="044">
      <subfield code="c">XA-DE</subfield>
    </datafield>
    <datafield ind1="7" ind2="4" tag="082">
      <subfield code="q">DE-101</subfield>
      <subfield code="2">22sdnb</subfield>
    </datafield>
    <datafield ind1=" " ind2=" " tag="084">
      <subfield code="a">11</subfield>
      <subfield code="a">14</subfield>
      <subfield code="a">150</subfield>
      <subfield code="q">DE-101</subfield>
      <subfield code="2">sdnb</subfield>
    </datafield>
    <datafield ind1=" " ind2=" " tag="084">
      <subfield code="a">9.3e</subfield>
      <subfield code="q">DE-101</subfield>
      <subfield code="2">sswd</subfield>
    </datafield>
    <datafield ind1="1" ind2=" " tag="100">
      <subfield code="0">(DE-588)119303396</subfield>
      <subfield code="0">(DE-101)119303396</subfield>
      <subfield code="a">Schulz von Thun, Friedemann</subfield>
      <subfield code="d">1944-</subfield>
      <subfield code="4">aut</subfield>
    </datafield>
    <datafield ind1="1" ind2="0" tag="245">
      <subfield code="a">Miteinander reden</subfield>
      <subfield code="b">[Psychologie der Kommunikation]</subfield>
      <subfield code="c">Friedemann Schulz von Thun</subfield>
    </datafield>
    <datafield ind1=" " ind2=" " tag="250">
      <subfield code="a">Einmalige Sonderausg.</subfield>
    </datafield>
    <datafield ind1=" " ind2=" " tag="259">
      <subfield code="a">eis</subfield>
    </datafield>
    <datafield ind1="3" ind2=" " tag="260">
      <subfield code="a">Reinbek bei Hamburg</subfield>
      <subfield code="b">Rowohlt</subfield>
      <subfield code="c">1999</subfield>
    </datafield>
    <datafield ind1=" " ind2=" " tag="300">
      <subfield code="a">269, 254 S.</subfield>
      <subfield code="b">Ill., graph. Darst.</subfield>
      <subfield code="c">19 cm</subfield>
    </datafield>
    <datafield ind1="1" ind2=" " tag="490">
      <subfield code="a">Rororo</subfield>
      <subfield code="v">60922 : rororo-Sachbuch</subfield>
    </datafield>
    <datafield ind1=" " ind2=" " tag="500">
      <subfield code="a">Literaturangaben</subfield>
    </datafield>
    <datafield ind1=" " ind2="7" tag="650">
      <subfield code="0">(DE-588)4031883-7</subfield>
      <subfield code="0">(DE-101)040318834</subfield>
      <subfield code="a">Kommunikation</subfield>
      <subfield code="2">gnd</subfield>
    </datafield>
    <datafield ind1=" " ind2="7" tag="650">
      <subfield code="0">(DE-588)4047704-6</subfield>
      <subfield code="0">(DE-101)040477045</subfield>
      <subfield code="a">Psychologie</subfield>
      <subfield code="2">gnd</subfield>
    </datafield>
    <datafield ind1="0" ind2="0" tag="689">
      <subfield code="0">(DE-588)4031883-7</subfield>
      <subfield code="0">(DE-101)040318834</subfield>
      <subfield code="D">s</subfield>
      <subfield code="a">Kommunikation</subfield>
    </datafield>
    <datafield ind1="0" ind2="1" tag="689">
      <subfield code="0">(DE-588)4047704-6</subfield>
      <subfield code="0">(DE-101)040477045</subfield>
      <subfield code="D">s</subfield>
      <subfield code="a">Psychologie</subfield>
    </datafield>
    <datafield ind1="0" ind2=" " tag="689">
      <subfield code="5">DE-101</subfield>
      <subfield code="5">DE-101</subfield>
    </datafield>
    <datafield ind1=" " ind2="0" tag="830">
      <subfield code="a">Rororo</subfield>
      <subfield code="v">60922 : rororo-Sachbuch</subfield>
      <subfield code="w">(DE-101)010429638</subfield>
      <subfield code="w">(DE-600)48948-7</subfield>
      <subfield code="9">560922</subfield>
    </datafield>
    <datafield ind1="r" ind2=" " tag="925">
      <subfield code="a">ra</subfield>
    </datafield>
  </record>