
  <record>
    <leader>01867nam a2200409 c 4500</leader>
    <controlfield tag="001">958800731</controlfield>
    <controlfield tag="003">DE-101</controlfield>
    <controlfield tag="005">20100804010229.0</controlfield>
    <controlfield tag="007">tu</controlfield>
    <controlfield tag="008">000331s2000    gw |||||r|||| 00||||eng  </controlfield>
    <datafield ind1=" " ind2=" " tag="015">
      <subfield code="a">00,B21,0022</subfield>
      <subfield code="2">dnb</subfield>
    </datafield>
    <datafield ind1="7" ind2=" " tag="016">
      <subfield code="2">DE-101</subfield>
      <subfield code="a">958800731</subfield>
    </datafield>
    <datafield ind1=" " ind2=" " tag="020">
      <subfield code="c">kart.</subfield>
    </datafield>
    <datafield ind1=" " ind2=" " tag="035">
      <subfield code="a">(DE-599)DNB958800731</subfield>
    </datafield>
    <datafield ind1=" " ind2=" " tag="035">
      <subfield code="a">(OCoLC)76108113</subfield>
    </datafield>
    <datafield ind1=" " ind2=" " tag="040">
      <subfield code="a">1140</subfield>
      <subfield code="b">ger</subfield>
      <subfield code="c">DE-101</subfield>
      <subfield code="d">9999</subfield>
      <subfield code="e">rakwb</subfield>
    </datafield>
    <datafield ind1=" " ind2=" " tag="041">
      <subfield code="a">eng</subfield>
    </datafield>
    <datafield ind1=" " ind2=" " tag="044">
      <subfield code="c">XA-DE</subfield>
    </datafield>
    <datafield ind1="7" ind2="4" tag="082">
      <subfield code="q">DE-101</subfield>
      <subfield code="2">22sdnb</subfield>
    </datafield>
    <datafield ind1=" " ind2=" " tag="084">
      <subfield code="a">11</subfield>
      <subfield code="a">150</subfield>
      <subfield code="q">DE-101</subfield>
      <subfield code="2">sdnb</subfield>
    </datafield>
    <datafield ind1=" " ind2=" " tag="084">
      <subfield code="a">5.1b</subfield>
      <subfield code="q">DE-101</subfield>
      <subfield code="2">sswd</subfield>
    </datafield>
    <datafield ind1=" " ind2=" " tag="090">
      <subfield code="a">b</subfield>
    </datafield>
    <datafield ind1="1" ind2=" " tag="100">
      <subfield code="0">(DE-588)109530462</subfield>
      <subfield code="0">(DE-101)109530462</subfield>
      <subfield code="a">Steyer, Rolf</subfield>
      <subfield code="4">aut</subfield>
    </datafield>
    <datafield ind1="1" ind2="0" tag="245">
      <subfield code="a">Latent state trait theory and research in personality and individual differences</subfield>
      <subfield code="c">Rolf Steyer, Manfred Schmitt &amp; Michael Eid. [Otto-von-Guericke-Universität Magdeburg. Hrsg.: Die Lehrstühle für Psychologie der Fakultät für Geistes-, Sozial- und Erziehungswissenschaften sowie der Fakultät für Naturwissenschaft an der Otto-von-Guericke-Universität Magdeburg]</subfield>
    </datafield>
    <datafield ind1="3" ind2=" " tag="260">
      <subfield code="a">Magdeburg</subfield>
      <subfield code="b">Inst. für Psychologie</subfield>
      <subfield code="c">2000</subfield>
    </datafield>
    <datafield ind1=" " ind2=" " tag="300">
      <subfield code="a">25 S.</subfield>
      <subfield code="b">graph. Darst.</subfield>
      <subfield code="c">30 cm</subfield>
    </datafield>
    <datafield ind1="1" ind2=" " tag="490">
      <subfield code="a">Magdeburger Arbeiten zur Psychologie</subfield>
      <subfield code="v">Bd. 2, H. 2</subfield>
    </datafield>
    <datafield ind1=" " ind2=" " tag="500">
      <subfield code="a">Literaturverz. S. 22 - 25</subfield>
    </datafield>
    <datafield ind1=" " ind2="7" tag="650">
      <subfield code="0">(DE-588)4173861-5</subfield>
      <subfield code="0">(DE-101)041738616</subfield>
      <subfield code="a">Persönlichkeitsdiagnostik</subfield>
      <subfield code="2">gnd</subfield>
    </datafield>
    <datafield ind1=" " ind2="7" tag="650">
      <subfield code="0">(DE-588)4496586-2</subfield>
      <subfield code="0">(DE-101)95333046X</subfield>
      <subfield code="a">Probabilistische Testtheorie</subfield>
      <subfield code="2">gnd</subfield>
    </datafield>
    <datafield ind1="0" ind2="0" tag="689">
      <subfield code="0">(DE-588)4173861-5</subfield>
      <subfield code="0">(DE-101)041738616</subfield>
      <subfield code="D">s</subfield>
      <subfield code="a">Persönlichkeitsdiagnostik</subfield>
    </datafield>
    <datafield ind1="0" ind2="1" tag="689">
      <subfield code="0">(DE-588)4496586-2</subfield>
      <subfield code="0">(DE-101)95333046X</subfield>
      <subfield code="D">s</subfield>
      <subfield code="a">Probabilistische Testtheorie</subfield>
    </datafield>
    <datafield ind1="0" ind2=" " tag="689">
      <subfield code="5">DE-101</subfield>
      <subfield code="5">DE-101</subfield>
    </datafield>
    <datafield ind1="1" ind2=" " tag="700">
      <subfield code="0">(DE-588)132779420</subfield>
      <subfield code="0">(DE-101)132779420</subfield>
      <subfield code="a">Schmitt, Manfred</subfield>
      <subfield code="4">aut</subfield>
    </datafield>
    <datafield ind1="1" ind2=" " tag="700">
      <subfield code="0">(DE-588)130635405</subfield>
      <subfield code="0">(DE-101)130635405</subfield>
      <subfield code="a">Eid, Michael</subfield>
      <subfield code="d">1963-</subfield>
      <subfield code="4">aut</subfield>
    </datafield>
    <datafield ind1=" " ind2="0" tag="830">
      <subfield code="a">Magdeburger Arbeiten zur Psychologie</subfield>
      <subfield code="v">Bd. 2, H. 2</subfield>
      <subfield code="w">(DE-101)019892160</subfield>
      <subfield code="w">(DE-600)1496529-x</subfield>
      <subfield code="9">12 12</subfield>
    </datafield>
    <datafield ind1="r" ind2=" " tag="925">
      <subfield code="a">rb</subfield>
    </datafield>
  </record>