
  <record>
    <leader>01986pam a2200469 c 4500</leader>
    <controlfield tag="001">95944601X</controlfield>
    <controlfield tag="003">DE-101</controlfield>
    <controlfield tag="005">20110417150241.0</controlfield>
    <controlfield tag="007">tu</controlfield>
    <controlfield tag="008">000717s2000    gw |||||rm||| 00||||ger  </controlfield>
    <datafield ind1=" " ind2=" " tag="015">
      <subfield code="a">00,A40,0208</subfield>
      <subfield code="z">00,N33,0076</subfield>
      <subfield code="2">dnb</subfield>
    </datafield>
    <datafield ind1="7" ind2=" " tag="016">
      <subfield code="2">DE-101</subfield>
      <subfield code="a">95944601X</subfield>
    </datafield>
    <datafield ind1=" " ind2=" " tag="020">
      <subfield code="a">3826576454</subfield>
      <subfield code="c">kart. : DM 92.00</subfield>
      <subfield code="9">3-8265-7645-4</subfield>
    </datafield>
    <datafield ind1=" " ind2=" " tag="035">
      <subfield code="a">(DE-599)DNB95944601X</subfield>
    </datafield>
    <datafield ind1=" " ind2=" " tag="035">
      <subfield code="a">(OCoLC)611389448</subfield>
    </datafield>
    <datafield ind1=" " ind2=" " tag="040">
      <subfield code="a">1140</subfield>
      <subfield code="b">ger</subfield>
      <subfield code="c">DE-101</subfield>
      <subfield code="d">9999</subfield>
      <subfield code="e">rakwb</subfield>
    </datafield>
    <datafield ind1=" " ind2=" " tag="041">
      <subfield code="a">ger</subfield>
    </datafield>
    <datafield ind1=" " ind2=" " tag="043">
      <subfield code="c">XC-ZM</subfield>
    </datafield>
    <datafield ind1=" " ind2=" " tag="044">
      <subfield code="c">XA-DE</subfield>
    </datafield>
    <datafield ind1="7" ind2="4" tag="082">
      <subfield code="q">DE-101</subfield>
      <subfield code="2">22sdnb</subfield>
    </datafield>
    <datafield ind1=" " ind2=" " tag="084">
      <subfield code="a">11</subfield>
      <subfield code="a">14</subfield>
      <subfield code="a">01</subfield>
      <subfield code="a">150</subfield>
      <subfield code="q">DE-101</subfield>
      <subfield code="2">sdnb</subfield>
    </datafield>
    <datafield ind1=" " ind2=" " tag="084">
      <subfield code="a">5.2</subfield>
      <subfield code="a">9.3b</subfield>
      <subfield code="a">6.1a</subfield>
      <subfield code="a">5.3</subfield>
      <subfield code="q">DE-101</subfield>
      <subfield code="2">sswd</subfield>
    </datafield>
    <datafield ind1=" " ind2=" " tag="090">
      <subfield code="a">b</subfield>
    </datafield>
    <datafield ind1="1" ind2=" " tag="100">
      <subfield code="0">(DE-588)122208056</subfield>
      <subfield code="0">(DE-101)122208056</subfield>
      <subfield code="a">Hofer, Jan Karl</subfield>
      <subfield code="4">aut</subfield>
    </datafield>
    <datafield ind1="1" ind2="0" tag="245">
      <subfield code="a">Integration von Eigenem und Fremdem - Werte und Ziele von Jugendlichen in Sambia</subfield>
      <subfield code="b">Identitätsentwicklung im Spannungsfeld kultureller und gesellschaftlicher Veränderungen</subfield>
      <subfield code="c">Jan Karl Hofer</subfield>
    </datafield>
    <datafield ind1="3" ind2=" " tag="260">
      <subfield code="a">Aachen</subfield>
      <subfield code="b">Shaker</subfield>
      <subfield code="c">2000</subfield>
    </datafield>
    <datafield ind1=" " ind2=" " tag="300">
      <subfield code="a">VIII, 367 S.</subfield>
      <subfield code="b">Ill., Kt.</subfield>
      <subfield code="c">21 cm</subfield>
    </datafield>
    <datafield ind1="0" ind2=" " tag="490">
      <subfield code="a">Berichte aus der Psychologie</subfield>
    </datafield>
    <datafield ind1=" " ind2=" " tag="502">
      <subfield code="a">Zugl.: Erlangen, Nürnberg, Univ., Diss., 2000</subfield>
    </datafield>
    <datafield ind1=" " ind2="7" tag="650">
      <subfield code="0">(DE-588)4227561-1</subfield>
      <subfield code="0">(DE-101)04227561X</subfield>
      <subfield code="a">Soziokultureller Wandel</subfield>
      <subfield code="2">gnd</subfield>
    </datafield>
    <datafield ind1=" " ind2="7" tag="650">
      <subfield code="0">(DE-588)4028859-6</subfield>
      <subfield code="0">(DE-101)040288595</subfield>
      <subfield code="a">Jugend</subfield>
      <subfield code="2">gnd</subfield>
    </datafield>
    <datafield ind1=" " ind2="7" tag="650">
      <subfield code="0">(DE-588)4138616-4</subfield>
      <subfield code="0">(DE-101)041386167</subfield>
      <subfield code="a">Identitätsentwicklung</subfield>
      <subfield code="2">gnd</subfield>
    </datafield>
    <datafield ind1=" " ind2="7" tag="650">
      <subfield code="0">(DE-588)4132695-7</subfield>
      <subfield code="0">(DE-101)041326954</subfield>
      <subfield code="a">Wertorientierung</subfield>
      <subfield code="2">gnd</subfield>
    </datafield>
    <datafield ind1=" " ind2="7" tag="651">
      <subfield code="0">(DE-588)4076986-0</subfield>
      <subfield code="0">(DE-101)040769860</subfield>
      <subfield code="a">Sambia</subfield>
      <subfield code="2">gnd</subfield>
    </datafield>
    <datafield ind1="0" ind2="0" tag="689">
      <subfield code="0">(DE-588)4076986-0</subfield>
      <subfield code="0">(DE-101)040769860</subfield>
      <subfield code="D">g</subfield>
      <subfield code="a">Sambia</subfield>
    </datafield>
    <datafield ind1="0" ind2="1" tag="689">
      <subfield code="0">(DE-588)4227561-1</subfield>
      <subfield code="0">(DE-101)04227561X</subfield>
      <subfield code="D">s</subfield>
      <subfield code="a">Soziokultureller Wandel</subfield>
    </datafield>
    <datafield ind1="0" ind2="2" tag="689">
      <subfield code="0">(DE-588)4028859-6</subfield>
      <subfield code="0">(DE-101)040288595</subfield>
      <subfield code="D">s</subfield>
      <subfield code="a">Jugend</subfield>
    </datafield>
    <datafield ind1="0" ind2="3" tag="689">
      <subfield code="0">(DE-588)4138616-4</subfield>
      <subfield code="0">(DE-101)041386167</subfield>
      <subfield code="D">s</subfield>
      <subfield code="a">Identitätsentwicklung</subfield>
    </datafield>
    <datafield ind1="0" ind2="4" tag="689">
      <subfield code="0">(DE-588)4132695-7</subfield>
      <subfield code="0">(DE-101)041326954</subfield>
      <subfield code="D">s</subfield>
      <subfield code="a">Wertorientierung</subfield>
    </datafield>
    <datafield ind1="0" ind2=" " tag="689">
      <subfield code="5">DE-101</subfield>
      <subfield code="5">DE-101</subfield>
    </datafield>
    <datafield ind1="4" ind2="2" tag="856">
      <subfield code="m">V:DE-605</subfield>
      <subfield code="q">application/pdf</subfield>
      <subfield code="u">http://d-nb.info/95944601X/04</subfield>
      <subfield code="3">Inhaltsverzeichnis</subfield>
    </datafield>
    <datafield ind1="r" ind2=" " tag="925">
      <subfield code="a">ra</subfield>
    </datafield>
  </record>