
  <record>
    <leader>00965nam a2200301 c 4500</leader>
    <controlfield tag="001">959575448</controlfield>
    <controlfield tag="003">DE-101</controlfield>
    <controlfield tag="005">20080106034306.0</controlfield>
    <controlfield tag="007">tu</controlfield>
    <controlfield tag="008">000807s2000    gw |||||r|||| 00||||ger  </controlfield>
    <datafield ind1=" " ind2=" " tag="015">
      <subfield code="a">00,B37,0219</subfield>
      <subfield code="2">dnb</subfield>
    </datafield>
    <datafield ind1="7" ind2=" " tag="016">
      <subfield code="2">DE-101</subfield>
      <subfield code="a">959575448</subfield>
    </datafield>
    <datafield ind1=" " ind2=" " tag="020">
      <subfield code="a">3871912816</subfield>
      <subfield code="c">kart.</subfield>
      <subfield code="9">3-87191-281-6</subfield>
    </datafield>
    <datafield ind1=" " ind2=" " tag="035">
      <subfield code="a">(DE-599)DNB959575448</subfield>
    </datafield>
    <datafield ind1=" " ind2=" " tag="035">
      <subfield code="a">(OCoLC)76172285</subfield>
    </datafield>
    <datafield ind1=" " ind2=" " tag="040">
      <subfield code="a">1240</subfield>
      <subfield code="b">ger</subfield>
      <subfield code="c">DE-101</subfield>
      <subfield code="d">9999</subfield>
      <subfield code="e">rakwb</subfield>
    </datafield>
    <datafield ind1=" " ind2=" " tag="041">
      <subfield code="a">ger</subfield>
    </datafield>
    <datafield ind1=" " ind2=" " tag="044">
      <subfield code="c">XA-DE</subfield>
    </datafield>
    <datafield ind1="7" ind2="4" tag="082">
      <subfield code="q">DE-101</subfield>
      <subfield code="2">22sdnb</subfield>
    </datafield>
    <datafield ind1=" " ind2=" " tag="084">
      <subfield code="a">17</subfield>
      <subfield code="a">14</subfield>
      <subfield code="a">330</subfield>
      <subfield code="a">380</subfield>
      <subfield code="a">650</subfield>
      <subfield code="a">670</subfield>
      <subfield code="q">DE-101</subfield>
      <subfield code="2">sdnb</subfield>
    </datafield>
    <datafield ind1=" " ind2=" " tag="090">
      <subfield code="a">b</subfield>
    </datafield>
    <datafield ind1="1" ind2=" " tag="100">
      <subfield code="0">(DE-588)122257537</subfield>
      <subfield code="0">(DE-101)122257537</subfield>
      <subfield code="a">Martin, Peter</subfield>
      <subfield code="d">1936-</subfield>
      <subfield code="4">aut</subfield>
    </datafield>
    <datafield ind1="1" ind2="0" tag="245">
      <subfield code="a">Werte in der Wirtschaftswelt</subfield>
      <subfield code="b">Gedanken zu Technik, Wirtschaft, Gesellschaft in einer Zeit des Umbruchs</subfield>
      <subfield code="c">von Peter Martin</subfield>
    </datafield>
    <datafield ind1="3" ind2=" " tag="260">
      <subfield code="a">[Nürnberg]</subfield>
      <subfield code="b">[Edelmann]</subfield>
      <subfield code="c">2000, [2000?]</subfield>
    </datafield>
    <datafield ind1=" " ind2=" " tag="300">
      <subfield code="a">147 S.</subfield>
      <subfield code="b">Ill., graph. Darst.</subfield>
      <subfield code="c">21 cm</subfield>
    </datafield>
    <datafield ind1="0" ind2=" " tag="490">
      <subfield code="a">BWB-Dokumentation</subfield>
    </datafield>
    <datafield ind1=" " ind2=" " tag="500">
      <subfield code="a">Literaturverz. S. 139 - 144</subfield>
    </datafield>
    <datafield ind1="r" ind2=" " tag="925">
      <subfield code="a">rb</subfield>
    </datafield>
  </record>