
  <record>
    <leader>01271nam a2200325 cb4500</leader>
    <controlfield tag="001">959843639</controlfield>
    <controlfield tag="003">DE-101</controlfield>
    <controlfield tag="005">20080106043518.0</controlfield>
    <controlfield tag="007">tu</controlfield>
    <controlfield tag="008">000919s1998    sz |||||r|||| 00||||ger  </controlfield>
    <datafield ind1=" " ind2=" " tag="015">
      <subfield code="a">00,B43,0028</subfield>
      <subfield code="2">dnb</subfield>
    </datafield>
    <datafield ind1="7" ind2=" " tag="016">
      <subfield code="2">DE-101</subfield>
      <subfield code="a">959843639</subfield>
    </datafield>
    <datafield ind1=" " ind2=" " tag="020">
      <subfield code="c">geh.</subfield>
    </datafield>
    <datafield ind1=" " ind2=" " tag="035">
      <subfield code="a">(DE-599)DNB959843639</subfield>
    </datafield>
    <datafield ind1=" " ind2=" " tag="035">
      <subfield code="a">(OCoLC)76184538</subfield>
    </datafield>
    <datafield ind1=" " ind2=" " tag="040">
      <subfield code="a">1140</subfield>
      <subfield code="b">ger</subfield>
      <subfield code="c">DE-101</subfield>
      <subfield code="d">9999</subfield>
      <subfield code="e">rakwb</subfield>
    </datafield>
    <datafield ind1=" " ind2=" " tag="041">
      <subfield code="a">ger</subfield>
    </datafield>
    <datafield ind1=" " ind2=" " tag="044">
      <subfield code="c">XA-CH</subfield>
    </datafield>
    <datafield ind1="7" ind2="4" tag="082">
      <subfield code="q">DE-101</subfield>
      <subfield code="2">22sdnb</subfield>
    </datafield>
    <datafield ind1=" " ind2=" " tag="084">
      <subfield code="a">12</subfield>
      <subfield code="a">14</subfield>
      <subfield code="a">17</subfield>
      <subfield code="a">200</subfield>
      <subfield code="a">220</subfield>
      <subfield code="a">230</subfield>
      <subfield code="q">DE-101</subfield>
      <subfield code="2">sdnb</subfield>
    </datafield>
    <datafield ind1=" " ind2=" " tag="090">
      <subfield code="a">b</subfield>
    </datafield>
    <datafield ind1="1" ind2=" " tag="100">
      <subfield code="0">(DE-588)112242502</subfield>
      <subfield code="0">(DE-101)112242502</subfield>
      <subfield code="a">Daeniker-Pfister, Sonja</subfield>
      <subfield code="4">aut</subfield>
    </datafield>
    <datafield ind1="1" ind2="0" tag="245">
      <subfield code="a">Die Kirchen, die Wirtschaft und die Revitalisierung der Werte</subfield>
      <subfield code="c">von Sonja Daeniker-Pfister. Red. und Gestaltung: Urs. C. Reinhardt</subfield>
    </datafield>
    <datafield ind1="3" ind2=" " tag="260">
      <subfield code="a">Bern</subfield>
      <subfield code="b">Ges. und Kirche Wohin?</subfield>
      <subfield code="c">1998</subfield>
    </datafield>
    <datafield ind1=" " ind2=" " tag="300">
      <subfield code="a">17 S.</subfield>
      <subfield code="c">21 cm</subfield>
    </datafield>
    <datafield ind1="1" ind2=" " tag="490">
      <subfield code="a">Mitgliederbrief ... / Gesellschaft und Kirche Wohin?</subfield>
      <subfield code="v">Nr. 119</subfield>
    </datafield>
    <datafield ind1="1" ind2=" " tag="490">
      <subfield code="a">Schriftenreihe Gesellschaft und Kirche Wohin?</subfield>
      <subfield code="v">Nr. 29</subfield>
    </datafield>
    <datafield ind1="2" ind2=" " tag="810">
      <subfield code="a">Gesellschaft und Kirche Wohin?</subfield>
      <subfield code="4">aut</subfield>
      <subfield code="t">Mitgliederbrief ...</subfield>
      <subfield code="v">Nr. 119</subfield>
      <subfield code="w">(DE-101)950477028</subfield>
      <subfield code="w">(DE-600)2371083-4</subfield>
      <subfield code="9">3119</subfield>
    </datafield>
    <datafield ind1="2" ind2=" " tag="810">
      <subfield code="a">Gesellschaft und Kirche Wohin?</subfield>
      <subfield code="4">aut</subfield>
      <subfield code="t">Schriftenreihe Gesellschaft und Kirche Wohin?</subfield>
      <subfield code="v">Nr. 29</subfield>
      <subfield code="w">(DE-101)950817716</subfield>
      <subfield code="w">(DE-600)2287704-6</subfield>
      <subfield code="9">229</subfield>
    </datafield>
    <datafield ind1="r" ind2=" " tag="925">
      <subfield code="a">rb</subfield>
    </datafield>
  </record>