
  <record>
    <leader>01966nam a2200457 c 4500</leader>
    <controlfield tag="001">960247629</controlfield>
    <controlfield tag="003">DE-101</controlfield>
    <controlfield tag="005">20080106060307.0</controlfield>
    <controlfield tag="007">tu</controlfield>
    <controlfield tag="008">001121s2000    gw |||||r|||| 00||||ger  </controlfield>
    <datafield ind1=" " ind2=" " tag="015">
      <subfield code="a">01,A07,0261</subfield>
      <subfield code="2">dnb</subfield>
    </datafield>
    <datafield ind1="7" ind2=" " tag="016">
      <subfield code="2">DE-101</subfield>
      <subfield code="a">960247629</subfield>
    </datafield>
    <datafield ind1=" " ind2=" " tag="020">
      <subfield code="a">3407220456</subfield>
      <subfield code="c">kart. : DM 28.00, S 204.00</subfield>
      <subfield code="9">3-407-22045-6</subfield>
    </datafield>
    <datafield ind1=" " ind2=" " tag="035">
      <subfield code="a">(DE-599)DNB960247629</subfield>
    </datafield>
    <datafield ind1=" " ind2=" " tag="035">
      <subfield code="a">(OCoLC)76216421</subfield>
    </datafield>
    <datafield ind1=" " ind2=" " tag="040">
      <subfield code="a">1240</subfield>
      <subfield code="b">ger</subfield>
      <subfield code="c">DE-101</subfield>
      <subfield code="d">9999</subfield>
      <subfield code="e">rakwb</subfield>
    </datafield>
    <datafield ind1=" " ind2=" " tag="041">
      <subfield code="a">ger</subfield>
    </datafield>
    <datafield ind1=" " ind2=" " tag="044">
      <subfield code="c">XA-DE</subfield>
    </datafield>
    <datafield ind1="7" ind2="4" tag="082">
      <subfield code="q">DE-101</subfield>
      <subfield code="2">22sdnb</subfield>
    </datafield>
    <datafield ind1=" " ind2=" " tag="084">
      <subfield code="a">11</subfield>
      <subfield code="a">150</subfield>
      <subfield code="q">DE-101</subfield>
      <subfield code="2">sdnb</subfield>
    </datafield>
    <datafield ind1=" " ind2=" " tag="084">
      <subfield code="a">5.4</subfield>
      <subfield code="a">5.2</subfield>
      <subfield code="q">DE-101</subfield>
      <subfield code="2">sswd</subfield>
    </datafield>
    <datafield ind1=" " ind2=" " tag="090">
      <subfield code="a">b</subfield>
    </datafield>
    <datafield ind1="1" ind2=" " tag="100">
      <subfield code="0">(DE-588)118616293</subfield>
      <subfield code="0">(DE-101)118616293</subfield>
      <subfield code="a">Spitz, René A.</subfield>
      <subfield code="d">1887-1974</subfield>
      <subfield code="4">aut</subfield>
    </datafield>
    <datafield ind1="1" ind2="0" tag="245">
      <subfield code="a">Angeboren oder erworben?</subfield>
      <subfield code="b">die Zwillinge Cathy und Rosy - eine Naturgeschichte der menschlichen Persönlichkeit und ihrer Entwicklung</subfield>
      <subfield code="c">René A. Spitz. Hrsg. und eingeleitet von Lotte Köhler. Unter Mitarb. von Claus Koch. Mit einem Vorw. von Eva Maria Spitz-Blum</subfield>
    </datafield>
    <datafield ind1=" " ind2=" " tag="250">
      <subfield code="a">Orig.-Ausg.</subfield>
    </datafield>
    <datafield ind1=" " ind2=" " tag="259">
      <subfield code="a">or</subfield>
    </datafield>
    <datafield ind1="3" ind2=" " tag="260">
      <subfield code="a">Weinheim</subfield>
      <subfield code="a">Basel</subfield>
      <subfield code="b">Beltz</subfield>
      <subfield code="c">2000</subfield>
    </datafield>
    <datafield ind1=" " ind2=" " tag="300">
      <subfield code="a">192 S.</subfield>
      <subfield code="b">Ill.</subfield>
      <subfield code="c">21 cm</subfield>
    </datafield>
    <datafield ind1="1" ind2=" " tag="490">
      <subfield code="a">Beltz-Taschenbuch</subfield>
      <subfield code="v">45 : Psychologie</subfield>
    </datafield>
    <datafield ind1=" " ind2=" " tag="500">
      <subfield code="a">Literaturverz., Bibliogr. und Filmogr. S. 175 - 192</subfield>
    </datafield>
    <datafield ind1=" " ind2="7" tag="650">
      <subfield code="0">(DE-588)4581443-0</subfield>
      <subfield code="0">(DE-101)958512108</subfield>
      <subfield code="a">Eineiiger Zwilling</subfield>
      <subfield code="2">gnd</subfield>
    </datafield>
    <datafield ind1=" " ind2="7" tag="650">
      <subfield code="0">(DE-588)4043024-8</subfield>
      <subfield code="0">(DE-101)040430243</subfield>
      <subfield code="a">Objektbeziehung</subfield>
      <subfield code="2">gnd</subfield>
    </datafield>
    <datafield ind1=" " ind2="7" tag="650">
      <subfield code="0">(DE-588)4075995-7</subfield>
      <subfield code="0">(DE-101)040759954</subfield>
      <subfield code="a">Persönlichkeitsentwicklung</subfield>
      <subfield code="2">gnd</subfield>
    </datafield>
    <datafield ind1=" " ind2="7" tag="650">
      <subfield code="0">(DE-588)4047689-3</subfield>
      <subfield code="0">(DE-101)040476898</subfield>
      <subfield code="a">Psychoanalyse</subfield>
      <subfield code="2">gnd</subfield>
    </datafield>
    <datafield ind1="0" ind2="0" tag="689">
      <subfield code="0">(DE-588)4581443-0</subfield>
      <subfield code="0">(DE-101)958512108</subfield>
      <subfield code="D">s</subfield>
      <subfield code="a">Eineiiger Zwilling</subfield>
    </datafield>
    <datafield ind1="0" ind2="1" tag="689">
      <subfield code="0">(DE-588)4043024-8</subfield>
      <subfield code="0">(DE-101)040430243</subfield>
      <subfield code="D">s</subfield>
      <subfield code="a">Objektbeziehung</subfield>
    </datafield>
    <datafield ind1="0" ind2="2" tag="689">
      <subfield code="0">(DE-588)4075995-7</subfield>
      <subfield code="0">(DE-101)040759954</subfield>
      <subfield code="D">s</subfield>
      <subfield code="a">Persönlichkeitsentwicklung</subfield>
    </datafield>
    <datafield ind1="0" ind2="3" tag="689">
      <subfield code="0">(DE-588)4047689-3</subfield>
      <subfield code="0">(DE-101)040476898</subfield>
      <subfield code="D">s</subfield>
      <subfield code="a">Psychoanalyse</subfield>
    </datafield>
    <datafield ind1="0" ind2=" " tag="689">
      <subfield code="5">DE-101</subfield>
      <subfield code="5">DE-101</subfield>
    </datafield>
    <datafield ind1=" " ind2="0" tag="830">
      <subfield code="a">Beltz-Taschenbuch</subfield>
      <subfield code="v">45 : Psychologie</subfield>
      <subfield code="w">(DE-101)020878923</subfield>
      <subfield code="w">(DE-600)2026658-3</subfield>
      <subfield code="9">245</subfield>
    </datafield>
    <datafield ind1="r" ind2=" " tag="925">
      <subfield code="a">ra</subfield>
    </datafield>
  </record>