
  <record>
    <leader>00794nam a2200277 cc4500</leader>
    <controlfield tag="001">960383352</controlfield>
    <controlfield tag="003">DE-101</controlfield>
    <controlfield tag="005">20040402151157.0</controlfield>
    <controlfield tag="007">tu</controlfield>
    <controlfield tag="008">001211s2000    gw |||||r|||| 00||||ger  </controlfield>
    <datafield ind1=" " ind2=" " tag="015">
      <subfield code="a">01,A04,1088</subfield>
      <subfield code="2">dnb</subfield>
    </datafield>
    <datafield ind1="7" ind2=" " tag="016">
      <subfield code="2">DE-101</subfield>
      <subfield code="a">960383352</subfield>
    </datafield>
    <datafield ind1=" " ind2=" " tag="020">
      <subfield code="a">3894951540</subfield>
      <subfield code="c">Pp. : DM 78.00</subfield>
      <subfield code="9">3-89495-154-0</subfield>
    </datafield>
    <datafield ind1=" " ind2=" " tag="035">
      <subfield code="a">(DE-599)DNB960383352</subfield>
    </datafield>
    <datafield ind1=" " ind2=" " tag="035">
      <subfield code="a">(OCoLC)76227000</subfield>
    </datafield>
    <datafield ind1=" " ind2=" " tag="040">
      <subfield code="a">1140</subfield>
      <subfield code="b">ger</subfield>
      <subfield code="c">DE-101</subfield>
      <subfield code="d">1200</subfield>
      <subfield code="e">rakwb</subfield>
    </datafield>
    <datafield ind1=" " ind2=" " tag="041">
      <subfield code="a">ger</subfield>
    </datafield>
    <datafield ind1=" " ind2=" " tag="044">
      <subfield code="c">XA-DE</subfield>
    </datafield>
    <datafield ind1="7" ind2="4" tag="082">
      <subfield code="a">33</subfield>
      <subfield code="a">14</subfield>
      <subfield code="a">18</subfield>
      <subfield code="a">22</subfield>
      <subfield code="q">DE-101</subfield>
      <subfield code="2">22sdnb</subfield>
    </datafield>
    <datafield ind1=" " ind2=" " tag="084">
      <subfield code="a">33</subfield>
      <subfield code="a">14</subfield>
      <subfield code="a">18</subfield>
      <subfield code="a">22</subfield>
      <subfield code="q">DE-101</subfield>
      <subfield code="2">sdnb</subfield>
    </datafield>
    <datafield ind1=" " ind2=" " tag="090">
      <subfield code="a">b</subfield>
    </datafield>
    <datafield ind1="1" ind2="0" tag="245">
      <subfield code="a">ATL-Folienvorlagen</subfield>
      <subfield code="n">Bd. 10.</subfield>
      <subfield code="p">Psychologie der Persönlichkeit und der Krankheit / Albert-Ludwig Vogel</subfield>
    </datafield>
    <datafield ind1="3" ind2=" " tag="260">
      <subfield code="a">Hagen</subfield>
      <subfield code="b">Kunz</subfield>
      <subfield code="c">2000</subfield>
    </datafield>
    <datafield ind1=" " ind2=" " tag="300">
      <subfield code="a">VI, 160 S.</subfield>
    </datafield>
    <datafield ind1="0" ind2="8" tag="773">
      <subfield code="q">210</subfield>
      <subfield code="w">(DE-101)944041604</subfield>
    </datafield>
    <datafield ind1="r" ind2=" " tag="925">
      <subfield code="a">ra</subfield>
    </datafield>
  </record>