
  <record>
    <leader>01727nam a2200433 c 4500</leader>
    <controlfield tag="001">96088081X</controlfield>
    <controlfield tag="003">DE-101</controlfield>
    <controlfield tag="005">20110309154749.0</controlfield>
    <controlfield tag="007">tu</controlfield>
    <controlfield tag="008">010214s2001    gw |||||r|||| 00||||ger  </controlfield>
    <datafield ind1=" " ind2=" " tag="015">
      <subfield code="a">01,A18,0366</subfield>
      <subfield code="2">dnb</subfield>
    </datafield>
    <datafield ind1="7" ind2=" " tag="016">
      <subfield code="2">DE-101</subfield>
      <subfield code="a">96088081X</subfield>
    </datafield>
    <datafield ind1=" " ind2=" " tag="020">
      <subfield code="a">3430115582</subfield>
      <subfield code="c">Pp. : DM 69.90</subfield>
      <subfield code="9">3-430-11558-2</subfield>
    </datafield>
    <datafield ind1=" " ind2=" " tag="035">
      <subfield code="a">(DE-599)DNB96088081X</subfield>
    </datafield>
    <datafield ind1=" " ind2=" " tag="035">
      <subfield code="a">(OCoLC)76265703</subfield>
    </datafield>
    <datafield ind1=" " ind2=" " tag="040">
      <subfield code="a">1240</subfield>
      <subfield code="b">ger</subfield>
      <subfield code="c">DE-101</subfield>
      <subfield code="d">1250</subfield>
      <subfield code="e">rakwb</subfield>
    </datafield>
    <datafield ind1=" " ind2=" " tag="041">
      <subfield code="a">ger</subfield>
      <subfield code="h">eng</subfield>
    </datafield>
    <datafield ind1=" " ind2=" " tag="044">
      <subfield code="c">XA-DE</subfield>
    </datafield>
    <datafield ind1="7" ind2="4" tag="082">
      <subfield code="q">DE-101</subfield>
      <subfield code="2">22sdnb</subfield>
    </datafield>
    <datafield ind1=" " ind2=" " tag="084">
      <subfield code="a">17</subfield>
      <subfield code="a">330</subfield>
      <subfield code="a">380</subfield>
      <subfield code="a">650</subfield>
      <subfield code="a">670</subfield>
      <subfield code="q">DE-101</subfield>
      <subfield code="2">sdnb</subfield>
    </datafield>
    <datafield ind1=" " ind2=" " tag="084">
      <subfield code="a">10.11a</subfield>
      <subfield code="q">DE-101</subfield>
      <subfield code="2">sswd</subfield>
    </datafield>
    <datafield ind1=" " ind2=" " tag="090">
      <subfield code="a">b</subfield>
    </datafield>
    <datafield ind1="1" ind2=" " tag="100">
      <subfield code="0">(DE-588)12270908X</subfield>
      <subfield code="0">(DE-101)12270908X</subfield>
      <subfield code="a">Boulton, Richard E. S.</subfield>
      <subfield code="4">aut</subfield>
    </datafield>
    <datafield ind1="1" ind2="0" tag="245">
      <subfield code="a">Value code - Werte schaffen in der neuen Wirtschaft</subfield>
      <subfield code="b">Erfolgsstrategien - Geschäftsmodelle - Praxisbeispiele</subfield>
      <subfield code="c">Richard E. S. Boulton ; Barry D. Libert ; Steve M. Samek. Aus dem Amerikan. von Arthur Andersen</subfield>
    </datafield>
    <datafield ind1=" " ind2=" " tag="250">
      <subfield code="a">1. Aufl.</subfield>
    </datafield>
    <datafield ind1=" " ind2=" " tag="259">
      <subfield code="a">11</subfield>
    </datafield>
    <datafield ind1="3" ind2=" " tag="260">
      <subfield code="a">München</subfield>
      <subfield code="b">Econ</subfield>
      <subfield code="c">2001</subfield>
    </datafield>
    <datafield ind1=" " ind2=" " tag="300">
      <subfield code="a">310 S.</subfield>
      <subfield code="b">graph. Darst.</subfield>
      <subfield code="c">25 cm</subfield>
    </datafield>
    <datafield ind1=" " ind2="7" tag="650">
      <subfield code="0">(DE-588)4125011-4</subfield>
      <subfield code="0">(DE-101)041250117</subfield>
      <subfield code="a">Unternehmensentwicklung</subfield>
      <subfield code="2">gnd</subfield>
    </datafield>
    <datafield ind1=" " ind2="7" tag="650">
      <subfield code="0">(DE-588)4065660-3</subfield>
      <subfield code="0">(DE-101)040656608</subfield>
      <subfield code="a">Wertanalyse</subfield>
      <subfield code="2">gnd</subfield>
    </datafield>
    <datafield ind1=" " ind2="7" tag="650">
      <subfield code="0">(DE-588)7737985-8</subfield>
      <subfield code="0">(DE-101)101046003X</subfield>
      <subfield code="a">Geschäftsmodell</subfield>
      <subfield code="2">gnd</subfield>
    </datafield>
    <datafield ind1="0" ind2="0" tag="689">
      <subfield code="0">(DE-588)4125011-4</subfield>
      <subfield code="0">(DE-101)041250117</subfield>
      <subfield code="D">s</subfield>
      <subfield code="a">Unternehmensentwicklung</subfield>
    </datafield>
    <datafield ind1="0" ind2="1" tag="689">
      <subfield code="0">(DE-588)4065660-3</subfield>
      <subfield code="0">(DE-101)040656608</subfield>
      <subfield code="D">s</subfield>
      <subfield code="a">Wertanalyse</subfield>
    </datafield>
    <datafield ind1="0" ind2="2" tag="689">
      <subfield code="0">(DE-588)7737985-8</subfield>
      <subfield code="0">(DE-101)101046003X</subfield>
      <subfield code="D">s</subfield>
      <subfield code="a">Geschäftsmodell</subfield>
    </datafield>
    <datafield ind1="0" ind2=" " tag="689">
      <subfield code="5">DE-101</subfield>
      <subfield code="5">DE-101</subfield>
    </datafield>
    <datafield ind1="1" ind2=" " tag="700">
      <subfield code="0">(DE-588)122709098</subfield>
      <subfield code="0">(DE-101)122709098</subfield>
      <subfield code="a">Libert, Barry D.</subfield>
      <subfield code="4">aut</subfield>
    </datafield>
    <datafield ind1="1" ind2=" " tag="700">
      <subfield code="0">(DE-588)122709128</subfield>
      <subfield code="0">(DE-101)122709128</subfield>
      <subfield code="a">Samek, Steve M.</subfield>
      <subfield code="4">aut</subfield>
    </datafield>
    <datafield ind1="0" ind2=" " tag="730">
      <subfield code="a">Cracking the value code</subfield>
      <subfield code="g">dt.</subfield>
    </datafield>
    <datafield ind1="r" ind2=" " tag="925">
      <subfield code="a">ra</subfield>
    </datafield>
  </record>