
  <record>
    <leader>01207nam a2200289 c 4500</leader>
    <controlfield tag="001">961504897</controlfield>
    <controlfield tag="003">DE-101</controlfield>
    <controlfield tag="005">20121107003226.0</controlfield>
    <controlfield tag="007">tu</controlfield>
    <controlfield tag="008">010507s2001    gw |||||r|||| 00||||ger  </controlfield>
    <datafield ind1=" " ind2=" " tag="015">
      <subfield code="a">01,B24,0041</subfield>
      <subfield code="2">dnb</subfield>
    </datafield>
    <datafield ind1="7" ind2=" " tag="016">
      <subfield code="2">DE-101</subfield>
      <subfield code="a">961504897</subfield>
    </datafield>
    <datafield ind1=" " ind2=" " tag="020">
      <subfield code="c">kart.</subfield>
    </datafield>
    <datafield ind1=" " ind2=" " tag="035">
      <subfield code="a">(DE-599)DNB961504897</subfield>
    </datafield>
    <datafield ind1=" " ind2=" " tag="035">
      <subfield code="a">(OCoLC)76212455</subfield>
    </datafield>
    <datafield ind1=" " ind2=" " tag="040">
      <subfield code="a">1240</subfield>
      <subfield code="b">ger</subfield>
      <subfield code="c">DE-101</subfield>
      <subfield code="d">9999</subfield>
      <subfield code="e">rakwb</subfield>
    </datafield>
    <datafield ind1=" " ind2=" " tag="041">
      <subfield code="a">ger</subfield>
    </datafield>
    <datafield ind1=" " ind2=" " tag="044">
      <subfield code="c">XA-DE</subfield>
    </datafield>
    <datafield ind1="7" ind2="4" tag="082">
      <subfield code="q">DE-101</subfield>
      <subfield code="2">22sdnb</subfield>
    </datafield>
    <datafield ind1=" " ind2=" " tag="084">
      <subfield code="a">12</subfield>
      <subfield code="a">14</subfield>
      <subfield code="a">200</subfield>
      <subfield code="a">220</subfield>
      <subfield code="a">230</subfield>
      <subfield code="q">DE-101</subfield>
      <subfield code="2">sdnb</subfield>
    </datafield>
    <datafield ind1=" " ind2=" " tag="090">
      <subfield code="a">b</subfield>
    </datafield>
    <datafield ind1="1" ind2="0" tag="245">
      <subfield code="a">Draußen vor der Tür? - Diakone und Diakonie</subfield>
      <subfield code="b">Projekt Diakon Stadt/Region</subfield>
      <subfield code="c">Bischöfliches Ordinariat, Ständiger Diakonat ; Caritasverband der Diözese Rottenburg-Stuttgart e.V., Bereich Bildung und Entwicklung. [Red.: Godehard König ; Franz-Josef Scholz]</subfield>
    </datafield>
    <datafield ind1="3" ind2=" " tag="260">
      <subfield code="a">Rottenburg</subfield>
      <subfield code="b">Bischöfliches Ordinariat, Hauptabt. I, Ausbildung Ständiger Diakonat</subfield>
      <subfield code="a">Stuttgart</subfield>
      <subfield code="b">Caritasverb. der Diözese Rottenburg-Stuttgart, Bereich Bildung und Entwicklung</subfield>
      <subfield code="c">2001</subfield>
    </datafield>
    <datafield ind1=" " ind2=" " tag="300">
      <subfield code="a">63 S.</subfield>
      <subfield code="c">30 cm</subfield>
    </datafield>
    <datafield ind1="1" ind2=" " tag="700">
      <subfield code="0">(DE-588)122897951</subfield>
      <subfield code="0">(DE-101)122897951</subfield>
      <subfield code="a">König, Godehard</subfield>
      <subfield code="4">red</subfield>
      <subfield code="e">Red.</subfield>
    </datafield>
    <datafield ind1="2" ind2=" " tag="710">
      <subfield code="0">(DE-588)4050734-8</subfield>
      <subfield code="0">(DE-101)040507343</subfield>
      <subfield code="a">Diözese Rottenburg-Stuttgart</subfield>
    </datafield>
    <datafield ind1="r" ind2=" " tag="925">
      <subfield code="a">rb</subfield>
    </datafield>
  </record>