
  <record>
    <leader>01438pam a2200385 c 4500</leader>
    <controlfield tag="001">961518766</controlfield>
    <controlfield tag="003">DE-101</controlfield>
    <controlfield tag="005">20120613160959.0</controlfield>
    <controlfield tag="007">tu</controlfield>
    <controlfield tag="008">010509s2001    gw |||||r|||| 00||||ger  </controlfield>
    <datafield ind1=" " ind2=" " tag="015">
      <subfield code="a">01,A38,0804</subfield>
      <subfield code="z">01,N28,0511</subfield>
      <subfield code="2">dnb</subfield>
    </datafield>
    <datafield ind1="7" ind2=" " tag="016">
      <subfield code="2">DE-101</subfield>
      <subfield code="a">961518766</subfield>
    </datafield>
    <datafield ind1=" " ind2=" " tag="020">
      <subfield code="a">3135225089</subfield>
      <subfield code="c">flexibler Kunstoffeinband : DM 79.00, EUR 39.95</subfield>
      <subfield code="9">3-13-522508-9</subfield>
    </datafield>
    <datafield ind1=" " ind2=" " tag="035">
      <subfield code="a">(DE-599)DNB961518766</subfield>
    </datafield>
    <datafield ind1=" " ind2=" " tag="035">
      <subfield code="a">(OCoLC)722452794</subfield>
    </datafield>
    <datafield ind1=" " ind2=" " tag="040">
      <subfield code="a">1240</subfield>
      <subfield code="b">ger</subfield>
      <subfield code="c">DE-101</subfield>
      <subfield code="d">1250</subfield>
      <subfield code="e">rakwb</subfield>
    </datafield>
    <datafield ind1=" " ind2=" " tag="041">
      <subfield code="a">ger</subfield>
    </datafield>
    <datafield ind1=" " ind2=" " tag="044">
      <subfield code="c">XA-DE</subfield>
    </datafield>
    <datafield ind1="7" ind2="4" tag="082">
      <subfield code="q">DE-101</subfield>
      <subfield code="2">22sdnb</subfield>
    </datafield>
    <datafield ind1=" " ind2=" " tag="084">
      <subfield code="a">33</subfield>
      <subfield code="a">610</subfield>
      <subfield code="q">DE-101</subfield>
      <subfield code="2">sdnb</subfield>
    </datafield>
    <datafield ind1=" " ind2=" " tag="084">
      <subfield code="a">27.10</subfield>
      <subfield code="q">DE-101</subfield>
      <subfield code="2">sswd</subfield>
    </datafield>
    <datafield ind1=" " ind2=" " tag="090">
      <subfield code="a">b</subfield>
    </datafield>
    <datafield ind1="1" ind2=" " tag="100">
      <subfield code="0">(DE-588)116736720</subfield>
      <subfield code="0">(DE-101)116736720</subfield>
      <subfield code="a">Largiadèr, Felix</subfield>
      <subfield code="d">1930-</subfield>
      <subfield code="4">aut</subfield>
    </datafield>
    <datafield ind1="1" ind2="0" tag="245">
      <subfield code="a">Checkliste Chirurgie</subfield>
      <subfield code="c">Felix Largiadèr ; Hans-Detlev Saeger. Unter Mitarb. von P. Buchmann ...</subfield>
    </datafield>
    <datafield ind1=" " ind2=" " tag="250">
      <subfield code="a">8., komplett überarb. und erw. Aufl.</subfield>
    </datafield>
    <datafield ind1=" " ind2=" " tag="259">
      <subfield code="a">18</subfield>
    </datafield>
    <datafield ind1="3" ind2=" " tag="260">
      <subfield code="a">Stuttgart</subfield>
      <subfield code="a">New York</subfield>
      <subfield code="b">Thieme</subfield>
      <subfield code="c">2001</subfield>
    </datafield>
    <datafield ind1=" " ind2=" " tag="300">
      <subfield code="a">XIV, 770 S.</subfield>
      <subfield code="b">Ill., graph. Darst.</subfield>
      <subfield code="c">18 cm</subfield>
    </datafield>
    <datafield ind1="0" ind2=" " tag="490">
      <subfield code="a">Checklisten der aktuellen Medizin</subfield>
    </datafield>
    <datafield ind1=" " ind2="7" tag="650">
      <subfield code="0">(DE-588)4009987-8</subfield>
      <subfield code="0">(DE-101)040099873</subfield>
      <subfield code="a">Chirurgie</subfield>
      <subfield code="2">gnd</subfield>
    </datafield>
    <datafield ind1="0" ind2="0" tag="689">
      <subfield code="0">(DE-588)4009987-8</subfield>
      <subfield code="0">(DE-101)040099873</subfield>
      <subfield code="D">s</subfield>
      <subfield code="a">Chirurgie</subfield>
    </datafield>
    <datafield ind1="0" ind2=" " tag="689">
      <subfield code="5">DE-101</subfield>
      <subfield code="5">DE-101</subfield>
    </datafield>
    <datafield ind1="1" ind2=" " tag="700">
      <subfield code="0">(DE-588)108598241</subfield>
      <subfield code="0">(DE-101)108598241</subfield>
      <subfield code="a">Saeger, Hans-Detlev</subfield>
      <subfield code="4">aut</subfield>
    </datafield>
    <datafield ind1="0" ind2="0" tag="780">
      <subfield code="i">7. Aufl. u.d.T.: </subfield>
      <subfield code="a">Largiadèr, Felix</subfield>
      <subfield code="t">Checkliste Chirurgie, Viszeral- und Allgemeinchirurgie</subfield>
      <subfield code="w">(DE-101)951467611</subfield>
    </datafield>
    <datafield ind1="r" ind2=" " tag="925">
      <subfield code="a">ra</subfield>
    </datafield>
  </record>