
  <record>
    <leader>01258nam a2200373 c 4500</leader>
    <controlfield tag="001">96325202X</controlfield>
    <controlfield tag="003">DE-101</controlfield>
    <controlfield tag="005">20080106141253.0</controlfield>
    <controlfield tag="007">tu</controlfield>
    <controlfield tag="008">011203s2001    gw |||||r|||| 00||||ger  </controlfield>
    <datafield ind1=" " ind2=" " tag="015">
      <subfield code="a">02,A03,0149</subfield>
      <subfield code="2">dnb</subfield>
    </datafield>
    <datafield ind1="7" ind2=" " tag="016">
      <subfield code="2">DE-101</subfield>
      <subfield code="a">96325202X</subfield>
    </datafield>
    <datafield ind1=" " ind2=" " tag="020">
      <subfield code="a">3925100636</subfield>
      <subfield code="c">kart.</subfield>
      <subfield code="9">3-925100-63-6</subfield>
    </datafield>
    <datafield ind1=" " ind2=" " tag="035">
      <subfield code="a">(DE-599)DNB96325202X</subfield>
    </datafield>
    <datafield ind1=" " ind2=" " tag="035">
      <subfield code="a">(OCoLC)76342969</subfield>
    </datafield>
    <datafield ind1=" " ind2=" " tag="040">
      <subfield code="a">1240</subfield>
      <subfield code="b">ger</subfield>
      <subfield code="c">DE-101</subfield>
      <subfield code="d">9999</subfield>
      <subfield code="e">rakwb</subfield>
    </datafield>
    <datafield ind1=" " ind2=" " tag="041">
      <subfield code="a">ger</subfield>
      <subfield code="h">eng</subfield>
    </datafield>
    <datafield ind1=" " ind2=" " tag="044">
      <subfield code="c">XA-DE</subfield>
    </datafield>
    <datafield ind1="7" ind2="4" tag="082">
      <subfield code="q">DE-101</subfield>
      <subfield code="2">22sdnb</subfield>
    </datafield>
    <datafield ind1=" " ind2=" " tag="084">
      <subfield code="a">09</subfield>
      <subfield code="a">11</subfield>
      <subfield code="a">130</subfield>
      <subfield code="q">DE-101</subfield>
      <subfield code="2">sdnb</subfield>
    </datafield>
    <datafield ind1=" " ind2=" " tag="084">
      <subfield code="a">5.7</subfield>
      <subfield code="q">DE-101</subfield>
      <subfield code="2">sswd</subfield>
    </datafield>
    <datafield ind1=" " ind2=" " tag="090">
      <subfield code="a">b</subfield>
    </datafield>
    <datafield ind1="1" ind2=" " tag="100">
      <subfield code="0">(DE-588)115540717</subfield>
      <subfield code="0">(DE-101)115540717</subfield>
      <subfield code="a">Rudhyar, Dane</subfield>
      <subfield code="d">1895-1985</subfield>
      <subfield code="4">aut</subfield>
    </datafield>
    <datafield ind1="1" ind2="0" tag="245">
      <subfield code="a">Astrologie der Persönlichkeit</subfield>
      <subfield code="b">ein neues Verständnis astrologischer Konzepte in Bezug auf zeitgenössische Philosophie und Psychologie</subfield>
      <subfield code="c">Dane Rudhyar. Hrsg. von Wulfing von Rohr</subfield>
    </datafield>
    <datafield ind1=" " ind2=" " tag="250">
      <subfield code="a">5. Aufl.</subfield>
    </datafield>
    <datafield ind1=" " ind2=" " tag="259">
      <subfield code="a">15</subfield>
    </datafield>
    <datafield ind1="3" ind2=" " tag="260">
      <subfield code="a">Tübingen</subfield>
      <subfield code="b">Chiron-Verl.</subfield>
      <subfield code="c">2001</subfield>
    </datafield>
    <datafield ind1=" " ind2=" " tag="300">
      <subfield code="a">442 S.</subfield>
      <subfield code="c">21 cm</subfield>
    </datafield>
    <datafield ind1="0" ind2=" " tag="490">
      <subfield code="a">Standardwerke der Astrologie</subfield>
    </datafield>
    <datafield ind1=" " ind2="7" tag="650">
      <subfield code="0">(DE-588)4003305-3</subfield>
      <subfield code="0">(DE-101)040033058</subfield>
      <subfield code="a">Astrologie</subfield>
      <subfield code="2">gnd</subfield>
    </datafield>
    <datafield ind1="0" ind2="0" tag="689">
      <subfield code="0">(DE-588)4003305-3</subfield>
      <subfield code="0">(DE-101)040033058</subfield>
      <subfield code="D">s</subfield>
      <subfield code="a">Astrologie</subfield>
    </datafield>
    <datafield ind1="0" ind2=" " tag="689">
      <subfield code="5">DE-101</subfield>
      <subfield code="5">DE-101</subfield>
    </datafield>
    <datafield ind1="0" ind2=" " tag="730">
      <subfield code="a">The astrology of personality</subfield>
      <subfield code="g">dt.</subfield>
    </datafield>
    <datafield ind1="r" ind2=" " tag="925">
      <subfield code="a">ra</subfield>
    </datafield>
  </record>