
  <record>
    <leader>02256pam a2200493 c 4500</leader>
    <controlfield tag="001">96374898X</controlfield>
    <controlfield tag="003">DE-101</controlfield>
    <controlfield tag="005">20110420195224.0</controlfield>
    <controlfield tag="007">tu</controlfield>
    <controlfield tag="008">020206s2002    gw |||||r|||| 00||||ger  </controlfield>
    <datafield ind1=" " ind2=" " tag="015">
      <subfield code="a">02,A30,0492</subfield>
      <subfield code="z">02,N09,0135</subfield>
      <subfield code="2">dnb</subfield>
    </datafield>
    <datafield ind1="7" ind2=" " tag="016">
      <subfield code="2">DE-101</subfield>
      <subfield code="a">96374898X</subfield>
    </datafield>
    <datafield ind1=" " ind2=" " tag="020">
      <subfield code="a">3895183741</subfield>
      <subfield code="c">kart. : EUR 29.80, sfr 52.00</subfield>
      <subfield code="9">3-89518-374-1</subfield>
    </datafield>
    <datafield ind1=" " ind2=" " tag="035">
      <subfield code="a">(DE-599)DNB96374898X</subfield>
    </datafield>
    <datafield ind1=" " ind2=" " tag="035">
      <subfield code="a">(OCoLC)231958132</subfield>
    </datafield>
    <datafield ind1=" " ind2=" " tag="040">
      <subfield code="a">1240</subfield>
      <subfield code="b">ger</subfield>
      <subfield code="c">DE-101</subfield>
      <subfield code="d">9999</subfield>
      <subfield code="e">rakwb</subfield>
    </datafield>
    <datafield ind1=" " ind2=" " tag="041">
      <subfield code="a">ger</subfield>
    </datafield>
    <datafield ind1=" " ind2=" " tag="043">
      <subfield code="c">XA-DE</subfield>
      <subfield code="c">XB-CN</subfield>
    </datafield>
    <datafield ind1=" " ind2=" " tag="044">
      <subfield code="c">XA-DE</subfield>
    </datafield>
    <datafield ind1="7" ind2="4" tag="082">
      <subfield code="q">DE-101</subfield>
      <subfield code="2">22sdnb</subfield>
    </datafield>
    <datafield ind1=" " ind2=" " tag="084">
      <subfield code="a">17</subfield>
      <subfield code="a">14</subfield>
      <subfield code="a">13</subfield>
      <subfield code="a">330</subfield>
      <subfield code="a">380</subfield>
      <subfield code="a">650</subfield>
      <subfield code="a">670</subfield>
      <subfield code="q">DE-101</subfield>
      <subfield code="2">sdnb</subfield>
    </datafield>
    <datafield ind1=" " ind2=" " tag="084">
      <subfield code="a">9.2a</subfield>
      <subfield code="a">10.2a</subfield>
      <subfield code="a">3.1</subfield>
      <subfield code="a">10.2dp</subfield>
      <subfield code="a">9.5p</subfield>
      <subfield code="a">10.2ab</subfield>
      <subfield code="q">DE-101</subfield>
      <subfield code="2">sswd</subfield>
    </datafield>
    <datafield ind1=" " ind2=" " tag="090">
      <subfield code="a">b</subfield>
    </datafield>
    <datafield ind1="1" ind2="0" tag="245">
      <subfield code="a">Religion, Werte und Wirtschaft</subfield>
      <subfield code="b">China und der Transformationsprozess in Asien</subfield>
      <subfield code="c">Max-Weber-Kolleg für Kultur- und Sozialwissenschaftliche Studien der Universität Erfurt. Hrsg. von Hans G. Nutzinger</subfield>
    </datafield>
    <datafield ind1="3" ind2=" " tag="260">
      <subfield code="a">Marburg</subfield>
      <subfield code="b">Metropolis-Verl.</subfield>
      <subfield code="c">2002</subfield>
    </datafield>
    <datafield ind1=" " ind2=" " tag="300">
      <subfield code="a">284 S.</subfield>
      <subfield code="c">21 cm</subfield>
    </datafield>
    <datafield ind1=" " ind2=" " tag="500">
      <subfield code="a">Literaturangaben</subfield>
    </datafield>
    <datafield ind1="1" ind2="7" tag="600">
      <subfield code="0">(DE-588)118629743</subfield>
      <subfield code="0">(DE-101)118629743</subfield>
      <subfield code="a">Weber, Max</subfield>
      <subfield code="d">1864-1920</subfield>
      <subfield code="2">gnd</subfield>
    </datafield>
    <datafield ind1=" " ind2="7" tag="650">
      <subfield code="0">(DE-588)4037653-9</subfield>
      <subfield code="0">(DE-101)040376532</subfield>
      <subfield code="a">Marktwirtschaft</subfield>
      <subfield code="2">gnd</subfield>
    </datafield>
    <datafield ind1=" " ind2="7" tag="650">
      <subfield code="0">(DE-588)4113450-3</subfield>
      <subfield code="0">(DE-101)041134508</subfield>
      <subfield code="a">Entwicklung</subfield>
      <subfield code="2">gnd</subfield>
    </datafield>
    <datafield ind1=" " ind2="7" tag="650">
      <subfield code="0">(DE-588)4032089-3</subfield>
      <subfield code="0">(DE-101)040320898</subfield>
      <subfield code="a">Konfuzianismus</subfield>
      <subfield code="2">gnd</subfield>
    </datafield>
    <datafield ind1=" " ind2="7" tag="650">
      <subfield code="0">(DE-588)4066514-8</subfield>
      <subfield code="0">(DE-101)040665143</subfield>
      <subfield code="a">Wirtschaftssoziologie</subfield>
      <subfield code="2">gnd</subfield>
    </datafield>
    <datafield ind1=" " ind2="7" tag="651">
      <subfield code="0">(DE-588)4009937-4</subfield>
      <subfield code="0">(DE-101)040099377</subfield>
      <subfield code="a">China</subfield>
      <subfield code="2">gnd</subfield>
    </datafield>
    <datafield ind1="0" ind2="0" tag="689">
      <subfield code="0">(DE-588)4009937-4</subfield>
      <subfield code="0">(DE-101)040099377</subfield>
      <subfield code="D">g</subfield>
      <subfield code="a">China</subfield>
    </datafield>
    <datafield ind1="0" ind2="1" tag="689">
      <subfield code="0">(DE-588)4037653-9</subfield>
      <subfield code="0">(DE-101)040376532</subfield>
      <subfield code="D">s</subfield>
      <subfield code="a">Marktwirtschaft</subfield>
    </datafield>
    <datafield ind1="0" ind2="2" tag="689">
      <subfield code="0">(DE-588)4113450-3</subfield>
      <subfield code="0">(DE-101)041134508</subfield>
      <subfield code="D">s</subfield>
      <subfield code="a">Entwicklung</subfield>
    </datafield>
    <datafield ind1="0" ind2="3" tag="689">
      <subfield code="0">(DE-588)4032089-3</subfield>
      <subfield code="0">(DE-101)040320898</subfield>
      <subfield code="D">s</subfield>
      <subfield code="a">Konfuzianismus</subfield>
    </datafield>
    <datafield ind1="0" ind2="4" tag="689">
      <subfield code="0">(DE-588)118629743</subfield>
      <subfield code="0">(DE-101)118629743</subfield>
      <subfield code="D">p</subfield>
      <subfield code="a">Weber, Max</subfield>
      <subfield code="d">1864-1920</subfield>
    </datafield>
    <datafield ind1="0" ind2="5" tag="689">
      <subfield code="0">(DE-588)4066514-8</subfield>
      <subfield code="0">(DE-101)040665143</subfield>
      <subfield code="D">s</subfield>
      <subfield code="a">Wirtschaftssoziologie</subfield>
    </datafield>
    <datafield ind1="0" ind2=" " tag="689">
      <subfield code="5">DE-101</subfield>
      <subfield code="5">DE-101</subfield>
    </datafield>
    <datafield ind1="1" ind2=" " tag="700">
      <subfield code="0">(DE-588)120467062</subfield>
      <subfield code="0">(DE-101)120467062</subfield>
      <subfield code="a">Nutzinger, Hans G.</subfield>
      <subfield code="d">1945-</subfield>
      <subfield code="4">edt</subfield>
      <subfield code="e">Hrsg.</subfield>
    </datafield>
    <datafield ind1="2" ind2=" " tag="710">
      <subfield code="0">(DE-588)2175631-4</subfield>
      <subfield code="0">(DE-101)955910528</subfield>
      <subfield code="a">Max-Weber-Kolleg für Kultur- und Sozialwissenschaftliche Studien</subfield>
      <subfield code="g">Erfurt</subfield>
    </datafield>
    <datafield ind1="4" ind2="2" tag="856">
      <subfield code="m">V:DE-605</subfield>
      <subfield code="q">application/pdf</subfield>
      <subfield code="u">http://d-nb.info/96374898X/04</subfield>
      <subfield code="3">Inhaltsverzeichnis</subfield>
    </datafield>
    <datafield ind1="r" ind2=" " tag="925">
      <subfield code="a">ra</subfield>
    </datafield>
  </record>