
  <record>
    <leader>01879nam a2200397 c 4500</leader>
    <controlfield tag="001">964118262</controlfield>
    <controlfield tag="003">DE-101</controlfield>
    <controlfield tag="005">20080106164636.0</controlfield>
    <controlfield tag="007">tu</controlfield>
    <controlfield tag="008">020326s2001    gw |||||r|||| 00||||ger  </controlfield>
    <datafield ind1=" " ind2=" " tag="015">
      <subfield code="a">02,A20,0666</subfield>
      <subfield code="2">dnb</subfield>
    </datafield>
    <datafield ind1="7" ind2=" " tag="016">
      <subfield code="2">DE-101</subfield>
      <subfield code="a">964118262</subfield>
    </datafield>
    <datafield ind1=" " ind2=" " tag="020">
      <subfield code="c">geh.</subfield>
    </datafield>
    <datafield ind1=" " ind2=" " tag="035">
      <subfield code="a">(DE-599)DNB964118262</subfield>
    </datafield>
    <datafield ind1=" " ind2=" " tag="035">
      <subfield code="a">(OCoLC)76411037</subfield>
    </datafield>
    <datafield ind1=" " ind2=" " tag="040">
      <subfield code="a">1240</subfield>
      <subfield code="b">ger</subfield>
      <subfield code="c">DE-101</subfield>
      <subfield code="d">9999</subfield>
      <subfield code="e">rakwb</subfield>
    </datafield>
    <datafield ind1=" " ind2=" " tag="041">
      <subfield code="a">ger</subfield>
    </datafield>
    <datafield ind1=" " ind2=" " tag="043">
      <subfield code="c">XA-DE-BY</subfield>
    </datafield>
    <datafield ind1=" " ind2=" " tag="044">
      <subfield code="c">XA-DE</subfield>
    </datafield>
    <datafield ind1="7" ind2="4" tag="082">
      <subfield code="q">DE-101</subfield>
      <subfield code="2">22sdnb</subfield>
    </datafield>
    <datafield ind1=" " ind2=" " tag="084">
      <subfield code="a">22</subfield>
      <subfield code="a">14</subfield>
      <subfield code="a">370</subfield>
      <subfield code="q">DE-101</subfield>
      <subfield code="2">sdnb</subfield>
    </datafield>
    <datafield ind1=" " ind2=" " tag="084">
      <subfield code="a">6.2a</subfield>
      <subfield code="a">6.3b</subfield>
      <subfield code="q">DE-101</subfield>
      <subfield code="2">sswd</subfield>
    </datafield>
    <datafield ind1=" " ind2=" " tag="090">
      <subfield code="a">b</subfield>
    </datafield>
    <datafield ind1="1" ind2="0" tag="245">
      <subfield code="a">Lehrplan für die Fachakademie für Sozialpädagogik</subfield>
      <subfield code="b">sozialpädagogisches Seminar ; Lernfelder: Wahrnehmen, Beobachten und Erklären, Werte und Werthaltung, methodisches Handeln, ästhetische Erfahrung, Ausdruck und Gestaltung, Kommunikation und Interaktion, Kooperation und Koordination ; Unterrichtsfächer: Pädagogik und Psychologie, Deutsch und Kommunikation, Recht und Verwaltung, musische Gestaltung und Bewegungserziehung, Ökologie und Gesundheit, Religionspädagogik und ethische Erziehung, Praxis- und Methodenlehre ; 1. und 2. Jahr</subfield>
      <subfield code="c">Bayerisches Staatsministerium für Unterricht und Kultus ; [ISB. Hrsg.: Staatsinstitut für Schulpädagogik und Bildungsforschung]</subfield>
    </datafield>
    <datafield ind1="3" ind2=" " tag="260">
      <subfield code="a">München</subfield>
      <subfield code="b">Hintermaier</subfield>
      <subfield code="c">2001</subfield>
    </datafield>
    <datafield ind1=" " ind2=" " tag="300">
      <subfield code="a">46 S.</subfield>
      <subfield code="c">30 cm</subfield>
    </datafield>
    <datafield ind1=" " ind2="7" tag="650">
      <subfield code="0">(DE-588)4388320-5</subfield>
      <subfield code="0">(DE-101)94568925X</subfield>
      <subfield code="a">Kinderpfleger</subfield>
      <subfield code="2">gnd</subfield>
    </datafield>
    <datafield ind1=" " ind2="7" tag="650">
      <subfield code="0">(DE-588)4005871-2</subfield>
      <subfield code="0">(DE-101)040058719</subfield>
      <subfield code="a">Berufsausbildung</subfield>
      <subfield code="2">gnd</subfield>
    </datafield>
    <datafield ind1=" " ind2="7" tag="651">
      <subfield code="0">(DE-588)4005044-0</subfield>
      <subfield code="0">(DE-101)040050440</subfield>
      <subfield code="a">Bayern</subfield>
      <subfield code="2">gnd</subfield>
    </datafield>
    <datafield ind1=" " ind2="7" tag="655">
      <subfield code="a">Lehrplan</subfield>
      <subfield code="2">gnd</subfield>
    </datafield>
    <datafield ind1="0" ind2="0" tag="689">
      <subfield code="0">(DE-588)4005044-0</subfield>
      <subfield code="0">(DE-101)040050440</subfield>
      <subfield code="D">g</subfield>
      <subfield code="a">Bayern</subfield>
    </datafield>
    <datafield ind1="0" ind2="1" tag="689">
      <subfield code="0">(DE-588)4388320-5</subfield>
      <subfield code="0">(DE-101)94568925X</subfield>
      <subfield code="D">s</subfield>
      <subfield code="a">Kinderpfleger</subfield>
    </datafield>
    <datafield ind1="0" ind2="2" tag="689">
      <subfield code="0">(DE-588)4005871-2</subfield>
      <subfield code="0">(DE-101)040058719</subfield>
      <subfield code="D">s</subfield>
      <subfield code="a">Berufsausbildung</subfield>
    </datafield>
    <datafield ind1="0" ind2="3" tag="689">
      <subfield code="A">f</subfield>
      <subfield code="a">Lehrplan</subfield>
    </datafield>
    <datafield ind1="0" ind2=" " tag="689">
      <subfield code="5">DE-101</subfield>
      <subfield code="5">DE-101</subfield>
    </datafield>
    <datafield ind1="r" ind2=" " tag="925">
      <subfield code="a">ra</subfield>
    </datafield>
  </record>