
  <record>
    <leader>01570nam a2200421 c 4500</leader>
    <controlfield tag="001">964625105</controlfield>
    <controlfield tag="003">DE-101</controlfield>
    <controlfield tag="005">20080106182945.0</controlfield>
    <controlfield tag="007">tu</controlfield>
    <controlfield tag="008">020614s2002    gw |||||r|||| 00||||ger  </controlfield>
    <datafield ind1=" " ind2=" " tag="015">
      <subfield code="a">02,A29,0488</subfield>
      <subfield code="2">dnb</subfield>
    </datafield>
    <datafield ind1="7" ind2=" " tag="016">
      <subfield code="2">DE-101</subfield>
      <subfield code="a">964625105</subfield>
    </datafield>
    <datafield ind1=" " ind2=" " tag="020">
      <subfield code="a">354875080X</subfield>
      <subfield code="c">kart. : EUR 9.95</subfield>
      <subfield code="9">3-548-75080-X</subfield>
    </datafield>
    <datafield ind1=" " ind2=" " tag="035">
      <subfield code="a">(DE-599)DNB964625105</subfield>
    </datafield>
    <datafield ind1=" " ind2=" " tag="035">
      <subfield code="a">(OCoLC)76349325</subfield>
    </datafield>
    <datafield ind1=" " ind2=" " tag="040">
      <subfield code="a">1240</subfield>
      <subfield code="b">ger</subfield>
      <subfield code="c">DE-101</subfield>
      <subfield code="d">9999</subfield>
      <subfield code="e">rakwb</subfield>
    </datafield>
    <datafield ind1=" " ind2=" " tag="041">
      <subfield code="a">ger</subfield>
    </datafield>
    <datafield ind1=" " ind2=" " tag="044">
      <subfield code="c">XA-DE</subfield>
    </datafield>
    <datafield ind1="7" ind2="4" tag="082">
      <subfield code="q">DE-101</subfield>
      <subfield code="2">22sdnb</subfield>
    </datafield>
    <datafield ind1=" " ind2=" " tag="084">
      <subfield code="a">17</subfield>
      <subfield code="a">16</subfield>
      <subfield code="a">330</subfield>
      <subfield code="a">380</subfield>
      <subfield code="a">650</subfield>
      <subfield code="a">670</subfield>
      <subfield code="q">DE-101</subfield>
      <subfield code="2">sdnb</subfield>
    </datafield>
    <datafield ind1="1" ind2="0" tag="245">
      <subfield code="a">Die New-economy-Revolution</subfield>
      <subfield code="b">neue Werte, neue Unternehmen, neue Politik</subfield>
      <subfield code="c">Lothar Späth (Hg.)</subfield>
    </datafield>
    <datafield ind1=" " ind2=" " tag="250">
      <subfield code="a">1. Aufl.</subfield>
    </datafield>
    <datafield ind1=" " ind2=" " tag="259">
      <subfield code="a">11</subfield>
    </datafield>
    <datafield ind1="3" ind2=" " tag="260">
      <subfield code="a">München</subfield>
      <subfield code="b">Ullstein-Taschenbuch-Verl.</subfield>
      <subfield code="c">2002</subfield>
    </datafield>
    <datafield ind1=" " ind2=" " tag="300">
      <subfield code="a">398 S.</subfield>
      <subfield code="c">19 cm</subfield>
    </datafield>
    <datafield ind1="1" ind2=" " tag="490">
      <subfield code="a">Econ-Taschenbuch</subfield>
      <subfield code="v">75080</subfield>
    </datafield>
    <datafield ind1=" " ind2="7" tag="650">
      <subfield code="0">(DE-588)4114011-4</subfield>
      <subfield code="0">(DE-101)041140117</subfield>
      <subfield code="a">Informationsgesellschaft</subfield>
      <subfield code="2">gnd</subfield>
    </datafield>
    <datafield ind1=" " ind2="7" tag="650">
      <subfield code="0">(DE-588)4592128-3</subfield>
      <subfield code="0">(DE-101)959116044</subfield>
      <subfield code="a">Electronic Commerce</subfield>
      <subfield code="2">gnd</subfield>
    </datafield>
    <datafield ind1=" " ind2="7" tag="650">
      <subfield code="0">(DE-588)4557997-0</subfield>
      <subfield code="0">(DE-101)957319304</subfield>
      <subfield code="a">Globalisierung</subfield>
      <subfield code="2">gnd</subfield>
    </datafield>
    <datafield ind1=" " ind2="7" tag="655">
      <subfield code="a">Aufsatzsammlung</subfield>
      <subfield code="2">gnd</subfield>
    </datafield>
    <datafield ind1="0" ind2="0" tag="689">
      <subfield code="0">(DE-588)4114011-4</subfield>
      <subfield code="0">(DE-101)041140117</subfield>
      <subfield code="D">s</subfield>
      <subfield code="a">Informationsgesellschaft</subfield>
    </datafield>
    <datafield ind1="0" ind2="1" tag="689">
      <subfield code="0">(DE-588)4592128-3</subfield>
      <subfield code="0">(DE-101)959116044</subfield>
      <subfield code="D">s</subfield>
      <subfield code="a">Electronic Commerce</subfield>
    </datafield>
    <datafield ind1="0" ind2="2" tag="689">
      <subfield code="0">(DE-588)4557997-0</subfield>
      <subfield code="0">(DE-101)957319304</subfield>
      <subfield code="D">s</subfield>
      <subfield code="a">Globalisierung</subfield>
    </datafield>
    <datafield ind1="0" ind2="3" tag="689">
      <subfield code="A">f</subfield>
      <subfield code="a">Aufsatzsammlung</subfield>
    </datafield>
    <datafield ind1="0" ind2=" " tag="689">
      <subfield code="5">DE-101</subfield>
      <subfield code="5">DE-101</subfield>
    </datafield>
    <datafield ind1="1" ind2=" " tag="700">
      <subfield code="0">(DE-588)11861584X</subfield>
      <subfield code="0">(DE-101)11861584X</subfield>
      <subfield code="a">Späth, Lothar</subfield>
      <subfield code="d">1937-</subfield>
      <subfield code="4">edt</subfield>
      <subfield code="e">Hrsg.</subfield>
    </datafield>
    <datafield ind1=" " ind2="0" tag="830">
      <subfield code="a">Econ-Taschenbuch</subfield>
      <subfield code="v">75080</subfield>
      <subfield code="w">(DE-101)96067294X</subfield>
      <subfield code="9">575080</subfield>
    </datafield>
    <datafield ind1="r" ind2=" " tag="925">
      <subfield code="a">ra</subfield>
    </datafield>
  </record>