
  <record>
    <leader>01657pam a2200433 c 4500</leader>
    <controlfield tag="001">96505926X</controlfield>
    <controlfield tag="003">DE-101</controlfield>
    <controlfield tag="005">20110218214659.0</controlfield>
    <controlfield tag="007">tu</controlfield>
    <controlfield tag="008">020820s2002    gw |||||r|||| 00||||eng  </controlfield>
    <datafield ind1=" " ind2=" " tag="015">
      <subfield code="a">02,A51,1616</subfield>
      <subfield code="z">02,N38,0712</subfield>
      <subfield code="2">dnb</subfield>
    </datafield>
    <datafield ind1="7" ind2=" " tag="016">
      <subfield code="2">DE-101</subfield>
      <subfield code="a">96505926X</subfield>
    </datafield>
    <datafield ind1=" " ind2=" " tag="020">
      <subfield code="a">3110171058</subfield>
      <subfield code="c">Pp. : EUR 88.00, sfr 141.00</subfield>
      <subfield code="9">3-11-017105-8</subfield>
    </datafield>
    <datafield ind1=" " ind2=" " tag="035">
      <subfield code="a">(DE-599)DNB96505926X</subfield>
    </datafield>
    <datafield ind1=" " ind2=" " tag="035">
      <subfield code="a">(OCoLC)722945104</subfield>
    </datafield>
    <datafield ind1=" " ind2=" " tag="040">
      <subfield code="a">1140</subfield>
      <subfield code="b">ger</subfield>
      <subfield code="c">DE-101</subfield>
      <subfield code="d">9999</subfield>
      <subfield code="e">rakwb</subfield>
    </datafield>
    <datafield ind1=" " ind2=" " tag="041">
      <subfield code="a">eng</subfield>
    </datafield>
    <datafield ind1=" " ind2=" " tag="043">
      <subfield code="c">XA-GB</subfield>
    </datafield>
    <datafield ind1=" " ind2=" " tag="044">
      <subfield code="c">XA-DE</subfield>
    </datafield>
    <datafield ind1="7" ind2="4" tag="082">
      <subfield code="q">DE-101</subfield>
      <subfield code="2">22sdnb</subfield>
    </datafield>
    <datafield ind1=" " ind2=" " tag="084">
      <subfield code="a">52</subfield>
      <subfield code="a">420</subfield>
      <subfield code="a">810</subfield>
      <subfield code="a">820</subfield>
      <subfield code="q">DE-101</subfield>
      <subfield code="2">sdnb</subfield>
    </datafield>
    <datafield ind1=" " ind2=" " tag="084">
      <subfield code="a">12.2b</subfield>
      <subfield code="a">12.1a</subfield>
      <subfield code="a">11.2b</subfield>
      <subfield code="q">DE-101</subfield>
      <subfield code="2">sswd</subfield>
    </datafield>
    <datafield ind1=" " ind2=" " tag="090">
      <subfield code="a">b</subfield>
    </datafield>
    <datafield ind1="1" ind2=" " tag="100">
      <subfield code="0">(DE-588)124015271</subfield>
      <subfield code="0">(DE-101)124015271</subfield>
      <subfield code="a">Getty, Michael</subfield>
      <subfield code="4">aut</subfield>
    </datafield>
    <datafield ind1="1" ind2="0" tag="245">
      <subfield code="a">The metre of Beowulf</subfield>
      <subfield code="b">a constraint based approach</subfield>
      <subfield code="c">by Michael Getty</subfield>
    </datafield>
    <datafield ind1="3" ind2=" " tag="260">
      <subfield code="a">Berlin</subfield>
      <subfield code="a">New York</subfield>
      <subfield code="b">Mouton de Gruyter</subfield>
      <subfield code="c">2002</subfield>
    </datafield>
    <datafield ind1=" " ind2=" " tag="300">
      <subfield code="a">X, 368 S.</subfield>
      <subfield code="b">graph. Darst.</subfield>
      <subfield code="c">24 cm</subfield>
    </datafield>
    <datafield ind1="1" ind2=" " tag="490">
      <subfield code="a">Topics in English linguistics</subfield>
      <subfield code="v">36</subfield>
    </datafield>
    <datafield ind1=" " ind2=" " tag="500">
      <subfield code="a">Literaturverz. S. 347 - 357</subfield>
    </datafield>
    <datafield ind1="0" ind2="7" tag="630">
      <subfield code="0">(DE-588)4128795-2</subfield>
      <subfield code="0">(DE-101)041287959</subfield>
      <subfield code="a">Beowulf</subfield>
      <subfield code="2">gnd</subfield>
    </datafield>
    <datafield ind1=" " ind2="7" tag="650">
      <subfield code="0">(DE-588)4169752-2</subfield>
      <subfield code="0">(DE-101)041697529</subfield>
      <subfield code="a">Metrum</subfield>
      <subfield code="2">gnd</subfield>
    </datafield>
    <datafield ind1=" " ind2="7" tag="650">
      <subfield code="0">(DE-588)4569189-7</subfield>
      <subfield code="0">(DE-101)957884826</subfield>
      <subfield code="a">Beschränkung</subfield>
      <subfield code="9">g:Linguistik</subfield>
      <subfield code="2">gnd</subfield>
    </datafield>
    <datafield ind1="0" ind2="0" tag="689">
      <subfield code="0">(DE-588)4128795-2</subfield>
      <subfield code="0">(DE-101)041287959</subfield>
      <subfield code="D">u</subfield>
      <subfield code="a">Beowulf</subfield>
    </datafield>
    <datafield ind1="0" ind2="1" tag="689">
      <subfield code="0">(DE-588)4169752-2</subfield>
      <subfield code="0">(DE-101)041697529</subfield>
      <subfield code="D">s</subfield>
      <subfield code="a">Metrum</subfield>
    </datafield>
    <datafield ind1="0" ind2="2" tag="689">
      <subfield code="0">(DE-588)4569189-7</subfield>
      <subfield code="0">(DE-101)957884826</subfield>
      <subfield code="D">s</subfield>
      <subfield code="a">Beschränkung</subfield>
      <subfield code="9">g:Linguistik</subfield>
    </datafield>
    <datafield ind1="0" ind2=" " tag="689">
      <subfield code="5">DE-101</subfield>
      <subfield code="5">DE-101</subfield>
    </datafield>
    <datafield ind1=" " ind2="0" tag="830">
      <subfield code="a">Topics in English linguistics</subfield>
      <subfield code="v">36</subfield>
      <subfield code="w">(DE-101)016367995</subfield>
      <subfield code="w">(DE-600)1106953-3</subfield>
      <subfield code="9">236</subfield>
    </datafield>
    <datafield ind1="4" ind2="2" tag="856">
      <subfield code="m">X:GBV</subfield>
      <subfield code="u">http://d-nb.info/96505926X/04</subfield>
      <subfield code="3">Inhaltsverzeichnis</subfield>
    </datafield>
    <datafield ind1="r" ind2=" " tag="925">
      <subfield code="a">ra</subfield>
    </datafield>
  </record>