
  <record>
    <leader>01475nam a2200373 c 4500</leader>
    <controlfield tag="001">967142822</controlfield>
    <controlfield tag="003">DE-101</controlfield>
    <controlfield tag="005">20080112155818.0</controlfield>
    <controlfield tag="007">tu</controlfield>
    <controlfield tag="008">030319s2002    gw |||||r|||| 00||||eng  </controlfield>
    <datafield ind1=" " ind2=" " tag="015">
      <subfield code="a">03,B32,0023</subfield>
      <subfield code="2">dnb</subfield>
    </datafield>
    <datafield ind1="7" ind2=" " tag="016">
      <subfield code="2">DE-101</subfield>
      <subfield code="a">967142822</subfield>
    </datafield>
    <datafield ind1=" " ind2=" " tag="020">
      <subfield code="c">kart.</subfield>
    </datafield>
    <datafield ind1=" " ind2=" " tag="035">
      <subfield code="a">(DE-599)DNB967142822</subfield>
    </datafield>
    <datafield ind1=" " ind2=" " tag="035">
      <subfield code="a">(OCoLC)76435995</subfield>
    </datafield>
    <datafield ind1=" " ind2=" " tag="040">
      <subfield code="a">1240</subfield>
      <subfield code="b">ger</subfield>
      <subfield code="c">DE-101</subfield>
      <subfield code="d">9999</subfield>
      <subfield code="e">rakwb</subfield>
    </datafield>
    <datafield ind1=" " ind2=" " tag="041">
      <subfield code="a">eng</subfield>
    </datafield>
    <datafield ind1=" " ind2=" " tag="044">
      <subfield code="c">XA-DE</subfield>
    </datafield>
    <datafield ind1="7" ind2="4" tag="082">
      <subfield code="q">DE-101</subfield>
      <subfield code="2">22sdnb</subfield>
    </datafield>
    <datafield ind1=" " ind2=" " tag="084">
      <subfield code="a">11</subfield>
      <subfield code="a">150</subfield>
      <subfield code="q">DE-101</subfield>
      <subfield code="2">sdnb</subfield>
    </datafield>
    <datafield ind1=" " ind2=" " tag="084">
      <subfield code="a">5.1a</subfield>
      <subfield code="q">DE-101</subfield>
      <subfield code="2">sswd</subfield>
    </datafield>
    <datafield ind1=" " ind2=" " tag="090">
      <subfield code="a">b</subfield>
    </datafield>
    <datafield ind1="1" ind2=" " tag="100">
      <subfield code="0">(DE-588)11889224X</subfield>
      <subfield code="0">(DE-101)11889224X</subfield>
      <subfield code="a">Becker, Peter</subfield>
      <subfield code="d">1942-</subfield>
      <subfield code="4">aut</subfield>
    </datafield>
    <datafield ind1="1" ind2="0" tag="245">
      <subfield code="a">The four-plus-x factor model for the description of normal and disordered personality as an alternative to the five-factor model</subfield>
      <subfield code="b">a test of two models</subfield>
      <subfield code="c">Peter Becker ; Melanie Kupsch. [Universität Trier, Fachbereich I, Psychologie]</subfield>
    </datafield>
    <datafield ind1="3" ind2=" " tag="260">
      <subfield code="a">Trier</subfield>
      <subfield code="b">Univ., Fachbereich I, Psychologie</subfield>
      <subfield code="c">2002</subfield>
    </datafield>
    <datafield ind1=" " ind2=" " tag="300">
      <subfield code="a">38 Bl.</subfield>
      <subfield code="b">graph. Darst.</subfield>
      <subfield code="c">30 cm</subfield>
    </datafield>
    <datafield ind1="1" ind2=" " tag="490">
      <subfield code="a">Trierer psychologische Berichte</subfield>
      <subfield code="v">Bd. 29, H. 6</subfield>
    </datafield>
    <datafield ind1=" " ind2=" " tag="500">
      <subfield code="a">Literaturverz. Bl. 31 - 38</subfield>
    </datafield>
    <datafield ind1=" " ind2="7" tag="650">
      <subfield code="0">(DE-588)4173863-9</subfield>
      <subfield code="0">(DE-101)041738632</subfield>
      <subfield code="a">Persönlichkeitsfaktor</subfield>
      <subfield code="2">gnd</subfield>
    </datafield>
    <datafield ind1="0" ind2="0" tag="689">
      <subfield code="0">(DE-588)4173863-9</subfield>
      <subfield code="0">(DE-101)041738632</subfield>
      <subfield code="D">s</subfield>
      <subfield code="a">Persönlichkeitsfaktor</subfield>
    </datafield>
    <datafield ind1="0" ind2=" " tag="689">
      <subfield code="5">DE-101</subfield>
      <subfield code="5">DE-101</subfield>
    </datafield>
    <datafield ind1="1" ind2=" " tag="700">
      <subfield code="0">(DE-588)124522238</subfield>
      <subfield code="0">(DE-101)124522238</subfield>
      <subfield code="a">Kupsch, Melanie</subfield>
      <subfield code="4">aut</subfield>
    </datafield>
    <datafield ind1=" " ind2="0" tag="830">
      <subfield code="a">Trierer psychologische Berichte</subfield>
      <subfield code="v">Bd. 29, H. 6</subfield>
      <subfield code="w">(DE-101)013187465</subfield>
      <subfield code="w">(DE-600)567902-3</subfield>
      <subfield code="9">229 16</subfield>
    </datafield>
    <datafield ind1="r" ind2=" " tag="925">
      <subfield code="a">rb</subfield>
    </datafield>
  </record>