
  <record>
    <leader>01326nom a2200349 ca4500</leader>
    <controlfield tag="001">967196302</controlfield>
    <controlfield tag="003">DE-101</controlfield>
    <controlfield tag="005">20071215202350.0</controlfield>
    <controlfield tag="007">ou</controlfield>
    <controlfield tag="008">030326s        gw ||||||||||  ||||||||  </controlfield>
    <datafield ind1="7" ind2=" " tag="016">
      <subfield code="2">DE-101</subfield>
      <subfield code="a">967196302</subfield>
    </datafield>
    <datafield ind1=" " ind2=" " tag="020">
      <subfield code="a">3832309942</subfield>
      <subfield code="c">: EUR 19.90, sfr 33.90</subfield>
      <subfield code="9">3-8323-0994-2</subfield>
    </datafield>
    <datafield ind1=" " ind2=" " tag="035">
      <subfield code="a">(DE-599)DNB967196302</subfield>
    </datafield>
    <datafield ind1=" " ind2=" " tag="040">
      <subfield code="a">1240</subfield>
      <subfield code="b">ger</subfield>
      <subfield code="c">DE-101</subfield>
      <subfield code="d">9999</subfield>
      <subfield code="e">rakwb</subfield>
    </datafield>
    <datafield ind1=" " ind2=" " tag="044">
      <subfield code="c">XA-DE</subfield>
    </datafield>
    <datafield ind1="7" ind2="4" tag="082">
      <subfield code="q">DE-101</subfield>
      <subfield code="2">22sdnb</subfield>
    </datafield>
    <datafield ind1=" " ind2=" " tag="084">
      <subfield code="a">53</subfield>
      <subfield code="a">430</subfield>
      <subfield code="a">830</subfield>
      <subfield code="q">DE-101</subfield>
      <subfield code="2">sdnb</subfield>
    </datafield>
    <datafield ind1=" " ind2=" " tag="084">
      <subfield code="a">11.2c</subfield>
      <subfield code="a">11.1c</subfield>
      <subfield code="a">6.2a</subfield>
      <subfield code="q">DE-101</subfield>
      <subfield code="2">sswd</subfield>
    </datafield>
    <datafield ind1="1" ind2="0" tag="245">
      <subfield code="a">Die Macht der Stimme</subfield>
      <subfield code="h">[Medienkombination]</subfield>
      <subfield code="b">Persönlichkeit durch Klang, Volumen und Dynamik ; mit Audio-CD</subfield>
      <subfield code="c">Ingrid Amon</subfield>
    </datafield>
    <datafield ind1=" " ind2=" " tag="250">
      <subfield code="a">2., aktualisierte Aufl.</subfield>
    </datafield>
    <datafield ind1=" " ind2=" " tag="259">
      <subfield code="a">12</subfield>
    </datafield>
    <datafield ind1="3" ind2=" " tag="260">
      <subfield code="a">Frankfurt [Main]</subfield>
      <subfield code="a">Wien</subfield>
      <subfield code="b">Wirtschaftsverl. Ueberreuter</subfield>
    </datafield>
    <datafield ind1="0" ind2=" " tag="490">
      <subfield code="a">Redline Wirtschaft</subfield>
    </datafield>
    <datafield ind1=" " ind2=" " tag="500">
      <subfield code="a">1. Aufl. im Ueberreuter-Verl., Wien ; Frankfurt [Main]</subfield>
    </datafield>
    <datafield ind1=" " ind2="7" tag="650">
      <subfield code="0">(DE-588)4056519-1</subfield>
      <subfield code="0">(DE-101)04056519X</subfield>
      <subfield code="a">Sprecherziehung</subfield>
      <subfield code="2">gnd</subfield>
    </datafield>
    <datafield ind1=" " ind2="7" tag="650">
      <subfield code="0">(DE-588)4057583-4</subfield>
      <subfield code="0">(DE-101)040575837</subfield>
      <subfield code="a">Stimmbildung</subfield>
      <subfield code="2">gnd</subfield>
    </datafield>
    <datafield ind1=" " ind2="7" tag="655">
      <subfield code="a">Ratgeber</subfield>
      <subfield code="2">gnd</subfield>
    </datafield>
    <datafield ind1="0" ind2="0" tag="689">
      <subfield code="0">(DE-588)4056519-1</subfield>
      <subfield code="0">(DE-101)04056519X</subfield>
      <subfield code="D">s</subfield>
      <subfield code="a">Sprecherziehung</subfield>
    </datafield>
    <datafield ind1="0" ind2="1" tag="689">
      <subfield code="0">(DE-588)4057583-4</subfield>
      <subfield code="0">(DE-101)040575837</subfield>
      <subfield code="D">s</subfield>
      <subfield code="a">Stimmbildung</subfield>
    </datafield>
    <datafield ind1="0" ind2="2" tag="689">
      <subfield code="A">f</subfield>
      <subfield code="a">Ratgeber</subfield>
    </datafield>
    <datafield ind1="0" ind2=" " tag="689">
      <subfield code="5">DE-101</subfield>
      <subfield code="5">DE-101</subfield>
    </datafield>
    <datafield ind1="1" ind2=" " tag="700">
      <subfield code="0">(DE-588)129257699</subfield>
      <subfield code="0">(DE-101)129257699</subfield>
      <subfield code="a">Amon, Ingrid</subfield>
      <subfield code="d">1960-</subfield>
      <subfield code="4">cre</subfield>
    </datafield>
  </record>