
  <record>
    <leader>01658pam a2200409 c 4500</leader>
    <controlfield tag="001">967847796</controlfield>
    <controlfield tag="003">DE-101</controlfield>
    <controlfield tag="005">20100213131529.0</controlfield>
    <controlfield tag="007">tu</controlfield>
    <controlfield tag="008">030612s2003    gw |||||rm||| 00||||ger  </controlfield>
    <datafield ind1=" " ind2=" " tag="015">
      <subfield code="a">03,A35,0267</subfield>
      <subfield code="z">03,N28,0411</subfield>
      <subfield code="2">dnb</subfield>
    </datafield>
    <datafield ind1="7" ind2=" " tag="016">
      <subfield code="2">DE-101</subfield>
      <subfield code="a">967847796</subfield>
    </datafield>
    <datafield ind1=" " ind2=" " tag="020">
      <subfield code="a">3832501940</subfield>
      <subfield code="c">kart. : EUR 40.50 (DE), EUR 41.60 (AT), sfr 72.10</subfield>
      <subfield code="9">3-8325-0194-0</subfield>
    </datafield>
    <datafield ind1="3" ind2=" " tag="024">
      <subfield code="a">9783832501945</subfield>
    </datafield>
    <datafield ind1=" " ind2=" " tag="035">
      <subfield code="a">(DE-599)DNB967847796</subfield>
    </datafield>
    <datafield ind1=" " ind2=" " tag="035">
      <subfield code="a">(OCoLC)237799349</subfield>
    </datafield>
    <datafield ind1=" " ind2=" " tag="040">
      <subfield code="a">1140</subfield>
      <subfield code="b">ger</subfield>
      <subfield code="c">DE-101</subfield>
      <subfield code="d">9999</subfield>
      <subfield code="e">rakwb</subfield>
    </datafield>
    <datafield ind1=" " ind2=" " tag="041">
      <subfield code="a">ger</subfield>
    </datafield>
    <datafield ind1=" " ind2=" " tag="044">
      <subfield code="c">XA-DE-BE</subfield>
    </datafield>
    <datafield ind1="7" ind2="4" tag="082">
      <subfield code="q">DE-101</subfield>
      <subfield code="2">22sdnb</subfield>
    </datafield>
    <datafield ind1=" " ind2=" " tag="084">
      <subfield code="a">11</subfield>
      <subfield code="a">33</subfield>
      <subfield code="a">18</subfield>
      <subfield code="a">150</subfield>
      <subfield code="q">DE-101</subfield>
      <subfield code="2">sdnb</subfield>
    </datafield>
    <datafield ind1=" " ind2=" " tag="084">
      <subfield code="a">5.5</subfield>
      <subfield code="a">5.1a</subfield>
      <subfield code="a">9.4a</subfield>
      <subfield code="q">DE-101</subfield>
      <subfield code="2">sswd</subfield>
    </datafield>
    <datafield ind1=" " ind2=" " tag="090">
      <subfield code="a">b</subfield>
    </datafield>
    <datafield ind1="1" ind2=" " tag="100">
      <subfield code="0">(DE-588)124779891</subfield>
      <subfield code="0">(DE-101)124779891</subfield>
      <subfield code="a">Kieschke, Ulf</subfield>
      <subfield code="4">aut</subfield>
    </datafield>
    <datafield ind1="1" ind2="0" tag="245">
      <subfield code="a">Arbeit, Persönlichkeit und Gesundheit</subfield>
      <subfield code="b">Beiträge zu einer differentiellen Psychologie beruflichen Belastungsgeschehens</subfield>
      <subfield code="c">Ulf Kieschke</subfield>
    </datafield>
    <datafield ind1="3" ind2=" " tag="260">
      <subfield code="a">Berlin</subfield>
      <subfield code="b">Logos-Verl.</subfield>
      <subfield code="c">2003</subfield>
    </datafield>
    <datafield ind1=" " ind2=" " tag="300">
      <subfield code="a">378 S.</subfield>
      <subfield code="b">graph. Darst.</subfield>
      <subfield code="c">21 cm</subfield>
    </datafield>
    <datafield ind1=" " ind2=" " tag="502">
      <subfield code="a">Zugl.: Potsdam, Univ., Diss., 2003</subfield>
    </datafield>
    <datafield ind1=" " ind2="7" tag="650">
      <subfield code="0">(DE-588)4002643-7</subfield>
      <subfield code="0">(DE-101)040026434</subfield>
      <subfield code="a">Arbeitsbelastung</subfield>
      <subfield code="2">gnd</subfield>
    </datafield>
    <datafield ind1=" " ind2="7" tag="650">
      <subfield code="0">(DE-588)4245638-1</subfield>
      <subfield code="0">(DE-101)04245638X</subfield>
      <subfield code="a">Gesundheitspsychologie</subfield>
      <subfield code="2">gnd</subfield>
    </datafield>
    <datafield ind1=" " ind2="7" tag="650">
      <subfield code="0">(DE-588)4012259-1</subfield>
      <subfield code="0">(DE-101)04012259X</subfield>
      <subfield code="a">Differentielle Psychologie</subfield>
      <subfield code="2">gnd</subfield>
    </datafield>
    <datafield ind1="0" ind2="0" tag="689">
      <subfield code="0">(DE-588)4002643-7</subfield>
      <subfield code="0">(DE-101)040026434</subfield>
      <subfield code="D">s</subfield>
      <subfield code="a">Arbeitsbelastung</subfield>
    </datafield>
    <datafield ind1="0" ind2="1" tag="689">
      <subfield code="0">(DE-588)4245638-1</subfield>
      <subfield code="0">(DE-101)04245638X</subfield>
      <subfield code="D">s</subfield>
      <subfield code="a">Gesundheitspsychologie</subfield>
    </datafield>
    <datafield ind1="0" ind2="2" tag="689">
      <subfield code="0">(DE-588)4012259-1</subfield>
      <subfield code="0">(DE-101)04012259X</subfield>
      <subfield code="D">s</subfield>
      <subfield code="a">Differentielle Psychologie</subfield>
    </datafield>
    <datafield ind1="0" ind2=" " tag="689">
      <subfield code="5">DE-101</subfield>
      <subfield code="5">DE-101</subfield>
    </datafield>
    <datafield ind1="4" ind2="2" tag="856">
      <subfield code="m">V:DE-603</subfield>
      <subfield code="q">application/pdf</subfield>
      <subfield code="u">http://d-nb.info/967847796/04</subfield>
      <subfield code="3">Inhaltsverzeichnis</subfield>
    </datafield>
    <datafield ind1="r" ind2=" " tag="925">
      <subfield code="a">ra</subfield>
    </datafield>
  </record>