
  <record>
    <leader>01216nam a2200325 c 4500</leader>
    <controlfield tag="001">967932408</controlfield>
    <controlfield tag="003">DE-101</controlfield>
    <controlfield tag="005">20080112173102.0</controlfield>
    <controlfield tag="007">tu</controlfield>
    <controlfield tag="008">030624s2003    gw |||||r|||| 00||||ger  </controlfield>
    <datafield ind1=" " ind2=" " tag="015">
      <subfield code="a">03,A31,0093</subfield>
      <subfield code="2">dnb</subfield>
    </datafield>
    <datafield ind1="7" ind2=" " tag="016">
      <subfield code="2">DE-101</subfield>
      <subfield code="a">967932408</subfield>
    </datafield>
    <datafield ind1=" " ind2=" " tag="020">
      <subfield code="a">3614407942</subfield>
      <subfield code="c">geh. : EUR -.80 (DE), EUR -.90 (AT)</subfield>
      <subfield code="9">3-614-40794-2</subfield>
    </datafield>
    <datafield ind1=" " ind2=" " tag="020">
      <subfield code="z">36144079142</subfield>
      <subfield code="c">geh. : EUR -.80 (DE), EUR -.90 (AT)</subfield>
      <subfield code="9">3-614-407914-2</subfield>
    </datafield>
    <datafield ind1=" " ind2=" " tag="035">
      <subfield code="a">(DE-599)DNB967932408</subfield>
    </datafield>
    <datafield ind1=" " ind2=" " tag="035">
      <subfield code="a">(OCoLC)76534013</subfield>
    </datafield>
    <datafield ind1=" " ind2=" " tag="040">
      <subfield code="a">1240</subfield>
      <subfield code="b">ger</subfield>
      <subfield code="c">DE-101</subfield>
      <subfield code="d">9999</subfield>
      <subfield code="e">rakwb</subfield>
    </datafield>
    <datafield ind1=" " ind2=" " tag="041">
      <subfield code="a">ger</subfield>
    </datafield>
    <datafield ind1=" " ind2=" " tag="044">
      <subfield code="c">XA-DE</subfield>
    </datafield>
    <datafield ind1="7" ind2="4" tag="082">
      <subfield code="q">DE-101</subfield>
      <subfield code="2">22sdnb</subfield>
    </datafield>
    <datafield ind1=" " ind2=" " tag="084">
      <subfield code="a">59</subfield>
      <subfield code="a">810</subfield>
      <subfield code="a">820</subfield>
      <subfield code="a">830</subfield>
      <subfield code="a">839</subfield>
      <subfield code="a">840</subfield>
      <subfield code="a">850</subfield>
      <subfield code="a">860</subfield>
      <subfield code="a">870</subfield>
      <subfield code="a">880</subfield>
      <subfield code="a">890</subfield>
      <subfield code="a">B</subfield>
      <subfield code="q">DE-101</subfield>
      <subfield code="2">sdnb</subfield>
    </datafield>
    <datafield ind1=" " ind2=" " tag="090">
      <subfield code="a">b</subfield>
    </datafield>
    <datafield ind1="1" ind2="0" tag="245">
      <subfield code="a">Die Schneekönigin</subfield>
      <subfield code="b">ein Märchen</subfield>
      <subfield code="c">von H. C. Andersen. Nacherzählt von Gisela Fischer. Mit Bildern von Anny Hoffmann</subfield>
    </datafield>
    <datafield ind1="3" ind2=" " tag="260">
      <subfield code="a">München</subfield>
      <subfield code="b">Egmont-Pestalozzi-Verl.</subfield>
      <subfield code="c">2003</subfield>
    </datafield>
    <datafield ind1=" " ind2=" " tag="300">
      <subfield code="a">16 S.</subfield>
      <subfield code="b">zahlr. Ill.</subfield>
      <subfield code="c">12 cm</subfield>
    </datafield>
    <datafield ind1="0" ind2=" " tag="490">
      <subfield code="a">Mini-Bücher</subfield>
    </datafield>
    <datafield ind1="1" ind2=" " tag="700">
      <subfield code="0">(DE-588)118502794</subfield>
      <subfield code="0">(DE-101)118502794</subfield>
      <subfield code="a">Andersen, Hans Christian</subfield>
      <subfield code="d">1805-1875</subfield>
      <subfield code="4">cre</subfield>
    </datafield>
    <datafield ind1="1" ind2=" " tag="700">
      <subfield code="0">(DE-588)104821868</subfield>
      <subfield code="0">(DE-101)104821868</subfield>
      <subfield code="a">Fischer, Gisela</subfield>
      <subfield code="4">cre</subfield>
    </datafield>
    <datafield ind1="1" ind2=" " tag="700">
      <subfield code="0">(DE-588)122871634</subfield>
      <subfield code="0">(DE-101)122871634</subfield>
      <subfield code="a">Hoffmann, Anny</subfield>
      <subfield code="4">cre</subfield>
    </datafield>
    <datafield ind1="r" ind2=" " tag="925">
      <subfield code="a">ra</subfield>
    </datafield>
  </record>