
  <record>
    <leader>01470pam a2200325 c 4500</leader>
    <controlfield tag="001">96835467X</controlfield>
    <controlfield tag="003">DE-101</controlfield>
    <controlfield tag="005">20071109135533.0</controlfield>
    <controlfield tag="007">co||||||||||||</controlfield>
    <controlfield tag="008">030716s2004    gw |||||q|||| 00||||ger  </controlfield>
    <datafield ind1=" " ind2=" " tag="015">
      <subfield code="a">06,A02,2570</subfield>
      <subfield code="z">03,N32,0574</subfield>
      <subfield code="2">dnb</subfield>
    </datafield>
    <datafield ind1="7" ind2=" " tag="016">
      <subfield code="2">DE-101</subfield>
      <subfield code="a">96835467X</subfield>
    </datafield>
    <datafield ind1=" " ind2=" " tag="020">
      <subfield code="a">3464900452</subfield>
      <subfield code="c">: EUR 24.95 (freier Pr.), sfr 39.90</subfield>
      <subfield code="9">3-464-90045-2</subfield>
    </datafield>
    <datafield ind1="3" ind2=" " tag="024">
      <subfield code="a">9783464900451</subfield>
    </datafield>
    <datafield ind1=" " ind2=" " tag="035">
      <subfield code="a">(DE-599)DNB96835467X</subfield>
    </datafield>
    <datafield ind1=" " ind2=" " tag="035">
      <subfield code="a">(OCoLC)723092409</subfield>
    </datafield>
    <datafield ind1=" " ind2=" " tag="040">
      <subfield code="a">1140</subfield>
      <subfield code="b">ger</subfield>
      <subfield code="c">DE-101</subfield>
      <subfield code="d">1240</subfield>
      <subfield code="e">rakwb</subfield>
    </datafield>
    <datafield ind1=" " ind2=" " tag="041">
      <subfield code="a">ger</subfield>
    </datafield>
    <datafield ind1=" " ind2=" " tag="044">
      <subfield code="c">XA-DE-BE</subfield>
    </datafield>
    <datafield ind1="7" ind2="4" tag="082">
      <subfield code="a">K</subfield>
      <subfield code="q">DE-101</subfield>
      <subfield code="2">22sdnb</subfield>
    </datafield>
    <datafield ind1=" " ind2=" " tag="084">
      <subfield code="a">K</subfield>
      <subfield code="q">DE-101</subfield>
      <subfield code="2">sdnb</subfield>
    </datafield>
    <datafield ind1="1" ind2="0" tag="245">
      <subfield code="a">Zwerg Nase</subfield>
      <subfield code="h">[Elektronische Ressource]</subfield>
      <subfield code="b">ein interaktives Märchen ; 5 - 10 Jahre ; mit Hörbuchfassung - gelesen von Otto Sander</subfield>
      <subfield code="c">Wilhelm Hauff</subfield>
    </datafield>
    <datafield ind1="3" ind2=" " tag="260">
      <subfield code="a">Berlin</subfield>
      <subfield code="b">Cornelsen</subfield>
      <subfield code="c">2004</subfield>
    </datafield>
    <datafield ind1=" " ind2=" " tag="300">
      <subfield code="a">2 CD-ROMs</subfield>
      <subfield code="b">digital, stereo, farb., mit Ton</subfield>
      <subfield code="c">12 cm, in Behältnis 27 x 18 x 3 cm</subfield>
      <subfield code="e">Beil. (12 S.)</subfield>
    </datafield>
    <datafield ind1="0" ind2=" " tag="490">
      <subfield code="a">Cornelsen Software</subfield>
    </datafield>
    <datafield ind1=" " ind2=" " tag="500">
      <subfield code="a">Titel auf dem Behältnis</subfield>
    </datafield>
    <datafield ind1=" " ind2=" " tag="538">
      <subfield code="a">Systemvoraussetzungen Mac:Power-PC 233 MHz; 32 MB Arbeitsspeicher;System 8.6 oder höher;16fach-CD-ROM-Laufwerk; Grafikauflösung 800 x 600, High Color</subfield>
    </datafield>
    <datafield ind1=" " ind2=" " tag="538">
      <subfield code="a">Systemvoraussetzungen PC:Pentium-Prozessor II 266 MHz; 32 MB Arbeitsspeicher;Windows 95, 98, ME, Windows 2000, XP;16fach-CD-ROM-Laufwerk; Grafikauflösung 800 x 600, High Color, 16-Bit-Soundkarte</subfield>
    </datafield>
    <datafield ind1="1" ind2=" " tag="700">
      <subfield code="0">(DE-588)118546864</subfield>
      <subfield code="0">(DE-101)118546864</subfield>
      <subfield code="a">Hauff, Wilhelm</subfield>
      <subfield code="d">1802-1827</subfield>
      <subfield code="4">cre</subfield>
    </datafield>
    <datafield ind1="r" ind2=" " tag="925">
      <subfield code="a">ra</subfield>
    </datafield>
  </record>