
  <record>
    <leader>01504pam a2200421 c 4500</leader>
    <controlfield tag="001">968586880</controlfield>
    <controlfield tag="003">DE-101</controlfield>
    <controlfield tag="005">20100213131727.0</controlfield>
    <controlfield tag="007">tu</controlfield>
    <controlfield tag="008">030818s2004    gw |||||r|||| 00||||ger  </controlfield>
    <datafield ind1=" " ind2=" " tag="015">
      <subfield code="a">03,A46,0196</subfield>
      <subfield code="z">03,N37,0066</subfield>
      <subfield code="2">dnb</subfield>
    </datafield>
    <datafield ind1="7" ind2=" " tag="016">
      <subfield code="2">DE-101</subfield>
      <subfield code="a">968586880</subfield>
    </datafield>
    <datafield ind1=" " ind2=" " tag="020">
      <subfield code="a">3540007288</subfield>
      <subfield code="c">Pp. : EUR 39.95, sfr 64.00</subfield>
      <subfield code="9">3-540-00728-8</subfield>
    </datafield>
    <datafield ind1=" " ind2=" " tag="020">
      <subfield code="z">3540007280</subfield>
      <subfield code="c">Pp. : EUR 39.95, sfr 64.00</subfield>
      <subfield code="9">3-540-00728-0</subfield>
    </datafield>
    <datafield ind1="3" ind2=" " tag="024">
      <subfield code="a">9783540007289</subfield>
    </datafield>
    <datafield ind1=" " ind2=" " tag="035">
      <subfield code="a">(DE-599)DNB968586880</subfield>
    </datafield>
    <datafield ind1=" " ind2=" " tag="035">
      <subfield code="a">(OCoLC)76607923</subfield>
    </datafield>
    <datafield ind1=" " ind2=" " tag="040">
      <subfield code="a">1140</subfield>
      <subfield code="b">ger</subfield>
      <subfield code="c">DE-101</subfield>
      <subfield code="d">9999</subfield>
      <subfield code="e">rakwb</subfield>
    </datafield>
    <datafield ind1=" " ind2=" " tag="041">
      <subfield code="a">ger</subfield>
    </datafield>
    <datafield ind1=" " ind2=" " tag="044">
      <subfield code="c">XA-DE-BE</subfield>
    </datafield>
    <datafield ind1="7" ind2="4" tag="082">
      <subfield code="q">DE-101</subfield>
      <subfield code="2">22sdnb</subfield>
    </datafield>
    <datafield ind1=" " ind2=" " tag="084">
      <subfield code="a">11</subfield>
      <subfield code="a">150</subfield>
      <subfield code="q">DE-101</subfield>
      <subfield code="2">sdnb</subfield>
    </datafield>
    <datafield ind1=" " ind2=" " tag="084">
      <subfield code="a">5.1a</subfield>
      <subfield code="q">DE-101</subfield>
      <subfield code="2">sswd</subfield>
    </datafield>
    <datafield ind1=" " ind2=" " tag="090">
      <subfield code="a">b</subfield>
    </datafield>
    <datafield ind1="1" ind2=" " tag="100">
      <subfield code="0">(DE-588)110068971</subfield>
      <subfield code="0">(DE-101)110068971</subfield>
      <subfield code="a">Asendorpf, Jens</subfield>
      <subfield code="4">aut</subfield>
    </datafield>
    <datafield ind1="1" ind2="0" tag="245">
      <subfield code="a">Psychologie der Persönlichkeit</subfield>
      <subfield code="b">mit 111 Tabellen</subfield>
      <subfield code="c">Jens B. Asendorpf</subfield>
    </datafield>
    <datafield ind1=" " ind2=" " tag="250">
      <subfield code="a">3., überarb. und aktualisierte Aufl.</subfield>
    </datafield>
    <datafield ind1=" " ind2=" " tag="259">
      <subfield code="a">13</subfield>
    </datafield>
    <datafield ind1="3" ind2=" " tag="260">
      <subfield code="a">Berlin</subfield>
      <subfield code="a">Heidelberg</subfield>
      <subfield code="a">New York</subfield>
      <subfield code="a">Hongkong</subfield>
      <subfield code="a">London</subfield>
      <subfield code="a">Mailand</subfield>
      <subfield code="a">Paris</subfield>
      <subfield code="a">Tokio</subfield>
      <subfield code="b">Springer</subfield>
      <subfield code="c">2004</subfield>
    </datafield>
    <datafield ind1=" " ind2=" " tag="300">
      <subfield code="a">VIII, 517 S.</subfield>
      <subfield code="b">graph. Darst.</subfield>
      <subfield code="c">25 cm</subfield>
    </datafield>
    <datafield ind1=" " ind2=" " tag="500">
      <subfield code="a">Literaturverz. S. 477 - 505</subfield>
    </datafield>
    <datafield ind1=" " ind2="7" tag="650">
      <subfield code="0">(DE-588)4075996-9</subfield>
      <subfield code="0">(DE-101)040759962</subfield>
      <subfield code="a">Persönlichkeitspsychologie</subfield>
      <subfield code="2">gnd</subfield>
    </datafield>
    <datafield ind1=" " ind2="7" tag="655">
      <subfield code="a">Lehrbuch</subfield>
      <subfield code="2">gnd</subfield>
    </datafield>
    <datafield ind1="0" ind2="0" tag="689">
      <subfield code="0">(DE-588)4075996-9</subfield>
      <subfield code="0">(DE-101)040759962</subfield>
      <subfield code="D">s</subfield>
      <subfield code="a">Persönlichkeitspsychologie</subfield>
    </datafield>
    <datafield ind1="0" ind2="1" tag="689">
      <subfield code="A">f</subfield>
      <subfield code="a">Lehrbuch</subfield>
    </datafield>
    <datafield ind1="0" ind2=" " tag="689">
      <subfield code="5">DE-101</subfield>
      <subfield code="5">DE-101</subfield>
    </datafield>
    <datafield ind1="4" ind2="2" tag="856">
      <subfield code="m">V:DE-603</subfield>
      <subfield code="q">application/pdf</subfield>
      <subfield code="u">http://d-nb.info/968586880/04</subfield>
      <subfield code="3">Inhaltsverzeichnis</subfield>
    </datafield>
    <datafield ind1="r" ind2=" " tag="925">
      <subfield code="a">ra</subfield>
    </datafield>
  </record>