
  <record>
    <leader>03133pam a2200409 c 4500</leader>
    <controlfield tag="001">96871157X</controlfield>
    <controlfield tag="003">DE-101</controlfield>
    <controlfield tag="005">20080112183356.0</controlfield>
    <controlfield tag="007">tu</controlfield>
    <controlfield tag="008">030904s2003    gw |||||r|||| 00||||ger  </controlfield>
    <datafield ind1=" " ind2=" " tag="015">
      <subfield code="a">03,A49,0235</subfield>
      <subfield code="z">03,N40,0130</subfield>
      <subfield code="2">dnb</subfield>
    </datafield>
    <datafield ind1="7" ind2=" " tag="016">
      <subfield code="2">DE-101</subfield>
      <subfield code="a">96871157X</subfield>
    </datafield>
    <datafield ind1=" " ind2=" " tag="020">
      <subfield code="a">3899949463</subfield>
      <subfield code="c">kart. : EUR 7.90 (DE), EUR 8.20 (AT), sfr 14.20</subfield>
      <subfield code="9">3-89994-946-3</subfield>
    </datafield>
    <datafield ind1="3" ind2=" " tag="024">
      <subfield code="a">9783899949469</subfield>
    </datafield>
    <datafield ind1=" " ind2=" " tag="035">
      <subfield code="a">(DE-599)DNB96871157X</subfield>
    </datafield>
    <datafield ind1=" " ind2=" " tag="035">
      <subfield code="a">(OCoLC)76628922</subfield>
    </datafield>
    <datafield ind1=" " ind2=" " tag="040">
      <subfield code="a">1240</subfield>
      <subfield code="b">ger</subfield>
      <subfield code="c">DE-101</subfield>
      <subfield code="d">9999</subfield>
      <subfield code="e">rakwb</subfield>
    </datafield>
    <datafield ind1=" " ind2=" " tag="041">
      <subfield code="a">ger</subfield>
    </datafield>
    <datafield ind1=" " ind2=" " tag="044">
      <subfield code="c">XA-DE-BW</subfield>
    </datafield>
    <datafield ind1="7" ind2="4" tag="082">
      <subfield code="q">DE-101</subfield>
      <subfield code="2">22sdnb</subfield>
    </datafield>
    <datafield ind1=" " ind2=" " tag="084">
      <subfield code="a">11</subfield>
      <subfield code="a">150</subfield>
      <subfield code="q">DE-101</subfield>
      <subfield code="2">sdnb</subfield>
    </datafield>
    <datafield ind1=" " ind2=" " tag="084">
      <subfield code="a">5.5</subfield>
      <subfield code="q">DE-101</subfield>
      <subfield code="2">sswd</subfield>
    </datafield>
    <datafield ind1=" " ind2=" " tag="090">
      <subfield code="a">b</subfield>
    </datafield>
    <datafield ind1="1" ind2=" " tag="100">
      <subfield code="0">(DE-588)108701271</subfield>
      <subfield code="0">(DE-101)108701271</subfield>
      <subfield code="a">Ploog, Helmut</subfield>
      <subfield code="4">aut</subfield>
    </datafield>
    <datafield ind1="1" ind2="0" tag="245">
      <subfield code="a">Handschriften deuten</subfield>
      <subfield code="b">die Persönlichkeit im Spiegel der Schrift ; [Einführung in die Handschriftendeutung - verschiedene Schriftproben von Prominenten als Beispiel]</subfield>
      <subfield code="c">von Helmut Ploog</subfield>
    </datafield>
    <datafield ind1=" " ind2=" " tag="250">
      <subfield code="a">3., vollst. aktualisierte und überarb. Aufl.</subfield>
    </datafield>
    <datafield ind1=" " ind2=" " tag="259">
      <subfield code="a">13</subfield>
    </datafield>
    <datafield ind1="3" ind2=" " tag="260">
      <subfield code="a">Baden-Baden</subfield>
      <subfield code="b">Humboldt</subfield>
      <subfield code="c">2003</subfield>
    </datafield>
    <datafield ind1=" " ind2=" " tag="300">
      <subfield code="a">127 S.</subfield>
      <subfield code="b">18 cm</subfield>
    </datafield>
    <datafield ind1="1" ind2=" " tag="490">
      <subfield code="a">Humboldt-Taschenbuch</subfield>
      <subfield code="v">1125 : Lebenshilfe &amp; Psychologie</subfield>
    </datafield>
    <datafield ind1=" " ind2=" " tag="500">
      <subfield code="a">Literaturverz. S. 121 - 125</subfield>
    </datafield>
    <datafield ind1=" " ind2=" " tag="520">
      <subfield code="a">Keine Handschrift ist wie die andere - denn dass sich der individuelle Charakter eines Menschen in seiner Handschrift spiegelt, ist kein Geheimnis. Wladimir Putin, Tony Blair, Bill Clinton, Erich Honecker &amp; Co: Was sagt die Handschrift über ihren Charakter? Dieser Band gibt Ihnen eine verständliche Einführung in die Handschriftendeutung, die Graphologie. Zum einen kann man eine Handschrift ganzheitlich erfassen: Was ergibt das Gesamtbild? Was sagt der Rhythmus einer Schrift aus? Zum anderen kann man die Details analysieren: Schriftgröße, Zeilenführung, Wort- und Zeilenabstände, Schreibtempo und -druck, das Verbinden von Buchstaben, die Strichrichtung - also Rechts- bzw. Linksläufigkeit einer Schrift u.a.m. Anhand von vielen Schriftproben - auch von Prominenten, z.B. Wladimir Putin, Karl Jaspers, Tony Blair, Erich Honecker - lernen Sie, menschliche Charakterzüge zu erkennen: Deutet die Handschrift eher auf Extro- oder Introvertiertheit, auf Ängstlichkeit oder Sorglosigkeit, auf Bescheidenheit oder Arroganz hin? In einem kleinen Test können Sie abschließend prüfen, inwieweit Sie Handschriften richtig deuten können. Der Autor: Dr. Helmut Ploog betreibt seit 1960 eine Praxis als Betriebsgraphologe. Er ist 1. vorsitzender des Bundesverbandes geprüfter Graphologen/Psychologen e.V., Veranstalter des Graphologentages und in zahlreichen berufsständischen Gremien im In- und Ausland tätig. Er ist Autor einer Reihe von Veröffentlichungen, die in viele Sprachen übersetzt wurden. Seit 1999 ist er Lehrbeauftragter für Schriftpsychologie an der Universität München.</subfield>
    </datafield>
    <datafield ind1=" " ind2="7" tag="650">
      <subfield code="0">(DE-588)4021857-0</subfield>
      <subfield code="0">(DE-101)040218570</subfield>
      <subfield code="a">Graphologie</subfield>
      <subfield code="2">gnd</subfield>
    </datafield>
    <datafield ind1="0" ind2="0" tag="689">
      <subfield code="0">(DE-588)4021857-0</subfield>
      <subfield code="0">(DE-101)040218570</subfield>
      <subfield code="D">s</subfield>
      <subfield code="a">Graphologie</subfield>
    </datafield>
    <datafield ind1="0" ind2=" " tag="689">
      <subfield code="5">DE-101</subfield>
      <subfield code="5">DE-101</subfield>
    </datafield>
    <datafield ind1=" " ind2="0" tag="830">
      <subfield code="a">Humboldt-Taschenbuch</subfield>
      <subfield code="v">1125 : Lebenshilfe &amp; Psychologie</subfield>
      <subfield code="w">(DE-101)015109194</subfield>
      <subfield code="w">(DE-600)968952-7</subfield>
      <subfield code="9">41125</subfield>
    </datafield>
    <datafield ind1="r" ind2=" " tag="925">
      <subfield code="a">ra</subfield>
    </datafield>
  </record>