
  <record>
    <leader>01357nam a2200361 ca4500</leader>
    <controlfield tag="001">968783953</controlfield>
    <controlfield tag="003">DE-101</controlfield>
    <controlfield tag="005">20080626213353.0</controlfield>
    <controlfield tag="007">tu</controlfield>
    <controlfield tag="008">030916s        gw |||||r|||| 00|||||||  </controlfield>
    <datafield ind1="7" ind2=" " tag="016">
      <subfield code="2">DE-101</subfield>
      <subfield code="a">968783953</subfield>
    </datafield>
    <datafield ind1=" " ind2=" " tag="035">
      <subfield code="a">(DE-599)DNB968783953</subfield>
    </datafield>
    <datafield ind1=" " ind2=" " tag="035">
      <subfield code="a">(OCoLC)76490849</subfield>
    </datafield>
    <datafield ind1=" " ind2=" " tag="040">
      <subfield code="a">1240</subfield>
      <subfield code="b">ger</subfield>
      <subfield code="c">DE-101</subfield>
      <subfield code="d">9999</subfield>
      <subfield code="e">rakwb</subfield>
    </datafield>
    <datafield ind1=" " ind2=" " tag="044">
      <subfield code="c">XA-DE-BY</subfield>
    </datafield>
    <datafield ind1="7" ind2="4" tag="082">
      <subfield code="a">K</subfield>
      <subfield code="q">DE-101</subfield>
      <subfield code="2">22sdnb</subfield>
    </datafield>
    <datafield ind1=" " ind2=" " tag="084">
      <subfield code="a">K</subfield>
      <subfield code="q">DE-101</subfield>
      <subfield code="2">sdnb</subfield>
    </datafield>
    <datafield ind1="1" ind2=" " tag="100">
      <subfield code="0">(DE-588)115550054</subfield>
      <subfield code="0">(DE-101)115550054</subfield>
      <subfield code="a">Bieniek, Christian</subfield>
      <subfield code="d">1956-2005</subfield>
      <subfield code="4">aut</subfield>
    </datafield>
    <datafield ind1="1" ind2="0" tag="245">
      <subfield code="a">Leas Liebes-GmbH</subfield>
      <subfield code="c">Christian Bienik/Vanessa Walder</subfield>
    </datafield>
    <datafield ind1="3" ind2=" " tag="260">
      <subfield code="a">Würzburg</subfield>
      <subfield code="b">Arena</subfield>
    </datafield>
    <datafield ind1=" " ind2=" " tag="300">
      <subfield code="c">20 cm</subfield>
    </datafield>
    <datafield ind1=" " ind2="7" tag="650">
      <subfield code="0">(DE-588)4226662-2</subfield>
      <subfield code="0">(DE-101)042266629</subfield>
      <subfield code="a">Clique</subfield>
      <subfield code="2">gnd</subfield>
    </datafield>
    <datafield ind1=" " ind2="7" tag="650">
      <subfield code="0">(DE-588)4328334-2</subfield>
      <subfield code="0">(DE-101)043283349</subfield>
      <subfield code="a">Verlieben</subfield>
      <subfield code="2">gnd</subfield>
    </datafield>
    <datafield ind1=" " ind2="7" tag="650">
      <subfield code="0">(DE-588)4189399-2</subfield>
      <subfield code="0">(DE-101)041893999</subfield>
      <subfield code="a">Weibliche Jugend</subfield>
      <subfield code="2">gnd</subfield>
    </datafield>
    <datafield ind1=" " ind2="7" tag="650">
      <subfield code="0">(DE-588)4114266-4</subfield>
      <subfield code="0">(DE-101)041142667</subfield>
      <subfield code="a">Konfliktlösung</subfield>
      <subfield code="2">gnd</subfield>
    </datafield>
    <datafield ind1=" " ind2="7" tag="655">
      <subfield code="a">Jugendbuch</subfield>
      <subfield code="2">gnd</subfield>
    </datafield>
    <datafield ind1="0" ind2="0" tag="689">
      <subfield code="0">(DE-588)4226662-2</subfield>
      <subfield code="0">(DE-101)042266629</subfield>
      <subfield code="D">s</subfield>
      <subfield code="a">Clique</subfield>
    </datafield>
    <datafield ind1="0" ind2="1" tag="689">
      <subfield code="0">(DE-588)4328334-2</subfield>
      <subfield code="0">(DE-101)043283349</subfield>
      <subfield code="D">s</subfield>
      <subfield code="a">Verlieben</subfield>
    </datafield>
    <datafield ind1="0" ind2="2" tag="689">
      <subfield code="0">(DE-588)4189399-2</subfield>
      <subfield code="0">(DE-101)041893999</subfield>
      <subfield code="D">s</subfield>
      <subfield code="a">Weibliche Jugend</subfield>
    </datafield>
    <datafield ind1="0" ind2="3" tag="689">
      <subfield code="0">(DE-588)4114266-4</subfield>
      <subfield code="0">(DE-101)041142667</subfield>
      <subfield code="D">s</subfield>
      <subfield code="a">Konfliktlösung</subfield>
    </datafield>
    <datafield ind1="0" ind2="4" tag="689">
      <subfield code="A">f</subfield>
      <subfield code="a">Jugendbuch</subfield>
    </datafield>
    <datafield ind1="0" ind2=" " tag="689">
      <subfield code="5">DE-101</subfield>
      <subfield code="5">DE-101</subfield>
    </datafield>
    <datafield ind1="1" ind2=" " tag="700">
      <subfield code="0">(DE-588)12358079X</subfield>
      <subfield code="0">(DE-101)12358079X</subfield>
      <subfield code="a">Walder, Vanessa</subfield>
      <subfield code="d">1978-</subfield>
      <subfield code="4">aut</subfield>
    </datafield>
  </record>