
  <record>
    <leader>01670pam a2200397 c 4500</leader>
    <controlfield tag="001">96919028X</controlfield>
    <controlfield tag="003">DE-101</controlfield>
    <controlfield tag="005">20070501020008.0</controlfield>
    <controlfield tag="007">tu</controlfield>
    <controlfield tag="008">031030s2003    gw |||||r|||| 00||||eng  </controlfield>
    <datafield ind1=" " ind2=" " tag="015">
      <subfield code="a">04,A13,1463</subfield>
      <subfield code="z">03,N48,1183</subfield>
      <subfield code="2">dnb</subfield>
    </datafield>
    <datafield ind1="7" ind2=" " tag="016">
      <subfield code="2">DE-101</subfield>
      <subfield code="a">96919028X</subfield>
    </datafield>
    <datafield ind1=" " ind2=" " tag="020">
      <subfield code="a">3039102214 (Bern ...)</subfield>
      <subfield code="c"> kart. : EUR 53.80 (DE, freier Pr.), EUR 53.80 (AT, freier Pr.), sfr 78.00 (freier Pr.)</subfield>
      <subfield code="9">3-03-910221-4</subfield>
    </datafield>
    <datafield ind1=" " ind2=" " tag="020">
      <subfield code="a">0820470023 (New York ...)</subfield>
      <subfield code="c"> kart.</subfield>
      <subfield code="9">0-8204-7002-3</subfield>
    </datafield>
    <datafield ind1="3" ind2=" " tag="024">
      <subfield code="a">9783039102211</subfield>
    </datafield>
    <datafield ind1=" " ind2=" " tag="035">
      <subfield code="a">(DE-599)DNB96919028X</subfield>
    </datafield>
    <datafield ind1=" " ind2=" " tag="035">
      <subfield code="a">(OCoLC)237812952</subfield>
    </datafield>
    <datafield ind1=" " ind2=" " tag="040">
      <subfield code="a">1140</subfield>
      <subfield code="b">ger</subfield>
      <subfield code="c">DE-101</subfield>
      <subfield code="d">9999</subfield>
      <subfield code="e">rakwb</subfield>
    </datafield>
    <datafield ind1=" " ind2=" " tag="041">
      <subfield code="a">eng</subfield>
    </datafield>
    <datafield ind1=" " ind2=" " tag="044">
      <subfield code="c">XA-DE</subfield>
    </datafield>
    <datafield ind1="7" ind2="4" tag="082">
      <subfield code="a">820</subfield>
      <subfield code="q">DE-101</subfield>
      <subfield code="2">22sdnb</subfield>
    </datafield>
    <datafield ind1=" " ind2=" " tag="084">
      <subfield code="a">820</subfield>
      <subfield code="q">DE-101</subfield>
      <subfield code="2">sdnb</subfield>
    </datafield>
    <datafield ind1=" " ind2=" " tag="090">
      <subfield code="a">b</subfield>
    </datafield>
    <datafield ind1="1" ind2=" " tag="100">
      <subfield code="0">(DE-588)128777265</subfield>
      <subfield code="0">(DE-101)128777265</subfield>
      <subfield code="a">Clark, Tom</subfield>
      <subfield code="4">aut</subfield>
    </datafield>
    <datafield ind1="1" ind2="0" tag="245">
      <subfield code="a">A case for irony in Beowulf</subfield>
      <subfield code="b">with particular reference to its epithets</subfield>
      <subfield code="c">Tom Clark</subfield>
    </datafield>
    <datafield ind1="3" ind2=" " tag="260">
      <subfield code="a">Bern</subfield>
      <subfield code="a">Berlin</subfield>
      <subfield code="a">Bruxelles</subfield>
      <subfield code="a">Frankfurt a.M.</subfield>
      <subfield code="a">New York</subfield>
      <subfield code="a">Oxford</subfield>
      <subfield code="a">Wien</subfield>
      <subfield code="b">Lang</subfield>
      <subfield code="c">2003</subfield>
    </datafield>
    <datafield ind1=" " ind2=" " tag="300">
      <subfield code="a">300 S.</subfield>
      <subfield code="c">23 cm</subfield>
    </datafield>
    <datafield ind1="1" ind2=" " tag="490">
      <subfield code="a">European university studies : Ser. 14, Anglo-Saxon language and literature</subfield>
      <subfield code="v">Vol. 402</subfield>
    </datafield>
    <datafield ind1=" " ind2=" " tag="500">
      <subfield code="a">Literaturverz. S. 293 - 300</subfield>
    </datafield>
    <datafield ind1="0" ind2="7" tag="630">
      <subfield code="0">(DE-588)4128795-2</subfield>
      <subfield code="0">(DE-101)041287959</subfield>
      <subfield code="a">Beowulf</subfield>
      <subfield code="2">gnd</subfield>
    </datafield>
    <datafield ind1=" " ind2="7" tag="650">
      <subfield code="0">(DE-588)4027676-4</subfield>
      <subfield code="0">(DE-101)040276767</subfield>
      <subfield code="a">Ironie</subfield>
      <subfield code="2">gnd</subfield>
    </datafield>
    <datafield ind1="0" ind2="0" tag="689">
      <subfield code="0">(DE-588)4128795-2</subfield>
      <subfield code="0">(DE-101)041287959</subfield>
      <subfield code="D">u</subfield>
      <subfield code="a">Beowulf</subfield>
    </datafield>
    <datafield ind1="0" ind2="1" tag="689">
      <subfield code="0">(DE-588)4027676-4</subfield>
      <subfield code="0">(DE-101)040276767</subfield>
      <subfield code="D">s</subfield>
      <subfield code="a">Ironie</subfield>
    </datafield>
    <datafield ind1="0" ind2=" " tag="689">
      <subfield code="5">DE-101</subfield>
      <subfield code="5">DE-101</subfield>
    </datafield>
    <datafield ind1=" " ind2="0" tag="830">
      <subfield code="a">Europäische Hochschulschriften / 14</subfield>
      <subfield code="n">Reihe 14</subfield>
      <subfield code="p">Angelsächsische Sprache und Literatur</subfield>
      <subfield code="t">Europäische Hochschulschriften</subfield>
      <subfield code="v">Bd. 402</subfield>
      <subfield code="w">(DE-101)012681504</subfield>
      <subfield code="w">(DE-600)510557-2</subfield>
      <subfield code="9">3402</subfield>
    </datafield>
    <datafield ind1="r" ind2=" " tag="925">
      <subfield code="a">ra</subfield>
    </datafield>
  </record>