
  <record>
    <leader>01816pam a2200457 c 4500</leader>
    <controlfield tag="001">969674171</controlfield>
    <controlfield tag="003">DE-101</controlfield>
    <controlfield tag="005">20110218222026.0</controlfield>
    <controlfield tag="007">tu</controlfield>
    <controlfield tag="008">031216s2003    gw |||||r|||| 00||||ger  </controlfield>
    <datafield ind1=" " ind2=" " tag="015">
      <subfield code="a">04,A12,0453</subfield>
      <subfield code="z">04,N03,0623</subfield>
      <subfield code="2">dnb</subfield>
    </datafield>
    <datafield ind1="7" ind2=" " tag="016">
      <subfield code="2">DE-101</subfield>
      <subfield code="a">969674171</subfield>
    </datafield>
    <datafield ind1=" " ind2=" " tag="020">
      <subfield code="a">3897442264</subfield>
      <subfield code="c">kart. : EUR 30.00</subfield>
      <subfield code="9">3-89744-226-4</subfield>
    </datafield>
    <datafield ind1="3" ind2=" " tag="024">
      <subfield code="a">9783897442269</subfield>
    </datafield>
    <datafield ind1=" " ind2=" " tag="035">
      <subfield code="a">(DE-599)DNB969674171</subfield>
    </datafield>
    <datafield ind1=" " ind2=" " tag="035">
      <subfield code="a">(OCoLC)636627667</subfield>
    </datafield>
    <datafield ind1=" " ind2=" " tag="040">
      <subfield code="a">1245</subfield>
      <subfield code="b">ger</subfield>
      <subfield code="c">DE-101</subfield>
      <subfield code="d">9999</subfield>
      <subfield code="e">rakwb</subfield>
    </datafield>
    <datafield ind1=" " ind2=" " tag="041">
      <subfield code="a">ger</subfield>
    </datafield>
    <datafield ind1=" " ind2=" " tag="044">
      <subfield code="c">XA-DE-NI</subfield>
    </datafield>
    <datafield ind1="7" ind2="4" tag="082">
      <subfield code="a">330</subfield>
      <subfield code="q">DE-101</subfield>
      <subfield code="2">22sdnb</subfield>
    </datafield>
    <datafield ind1=" " ind2=" " tag="084">
      <subfield code="a">330</subfield>
      <subfield code="q">DE-101</subfield>
      <subfield code="2">sdnb</subfield>
    </datafield>
    <datafield ind1=" " ind2=" " tag="090">
      <subfield code="a">b</subfield>
    </datafield>
    <datafield ind1="1" ind2="0" tag="245">
      <subfield code="a">Wandel, Werte und Wirtschaft im pazifischen Raum</subfield>
      <subfield code="b">interdisziplinäre Ringvorlesung an der RWTH Aachen im Wintersemester 2002/2003</subfield>
      <subfield code="c">Arbeitsgemeinschaft für Pazifische Studien. Werner Kreisel ... (Hrsg.)</subfield>
    </datafield>
    <datafield ind1=" " ind2=" " tag="250">
      <subfield code="a">1. Aufl.</subfield>
    </datafield>
    <datafield ind1=" " ind2=" " tag="259">
      <subfield code="a">11</subfield>
    </datafield>
    <datafield ind1="3" ind2=" " tag="260">
      <subfield code="a">Göttingen</subfield>
      <subfield code="b">Duehrkohp und Radicke</subfield>
      <subfield code="c">2003</subfield>
    </datafield>
    <datafield ind1=" " ind2=" " tag="300">
      <subfield code="a">226 S.</subfield>
      <subfield code="b">Ill., graph. Darst., Kt.</subfield>
      <subfield code="c">21 cm, 300 gr.</subfield>
    </datafield>
    <datafield ind1="1" ind2=" " tag="490">
      <subfield code="a">Pazifik-Forum</subfield>
      <subfield code="v">Bd. 8</subfield>
    </datafield>
    <datafield ind1=" " ind2=" " tag="500">
      <subfield code="a">Literaturangaben</subfield>
    </datafield>
    <datafield ind1=" " ind2="7" tag="650">
      <subfield code="0">(DE-588)4066438-7</subfield>
      <subfield code="0">(DE-101)040664384</subfield>
      <subfield code="a">Wirtschaftsentwicklung</subfield>
      <subfield code="2">gnd</subfield>
    </datafield>
    <datafield ind1=" " ind2="7" tag="651">
      <subfield code="0">(DE-588)4044982-8</subfield>
      <subfield code="0">(DE-101)040449823</subfield>
      <subfield code="a">Pazifischer Raum</subfield>
      <subfield code="2">gnd</subfield>
    </datafield>
    <datafield ind1=" " ind2="7" tag="655">
      <subfield code="a">Aufsatzsammlung</subfield>
      <subfield code="2">gnd</subfield>
    </datafield>
    <datafield ind1="0" ind2="0" tag="689">
      <subfield code="0">(DE-588)4044982-8</subfield>
      <subfield code="0">(DE-101)040449823</subfield>
      <subfield code="D">g</subfield>
      <subfield code="a">Pazifischer Raum</subfield>
    </datafield>
    <datafield ind1="0" ind2="1" tag="689">
      <subfield code="0">(DE-588)4066438-7</subfield>
      <subfield code="0">(DE-101)040664384</subfield>
      <subfield code="D">s</subfield>
      <subfield code="a">Wirtschaftsentwicklung</subfield>
    </datafield>
    <datafield ind1="0" ind2="2" tag="689">
      <subfield code="A">f</subfield>
      <subfield code="a">Aufsatzsammlung</subfield>
    </datafield>
    <datafield ind1="0" ind2=" " tag="689">
      <subfield code="5">DE-101</subfield>
      <subfield code="5">DE-101</subfield>
    </datafield>
    <datafield ind1="1" ind2=" " tag="700">
      <subfield code="0">(DE-588)120144077</subfield>
      <subfield code="0">(DE-101)120144077</subfield>
      <subfield code="a">Kreisel, Werner</subfield>
      <subfield code="d">1944-</subfield>
      <subfield code="4">edt</subfield>
      <subfield code="e">Hrsg.</subfield>
    </datafield>
    <datafield ind1="2" ind2=" " tag="710">
      <subfield code="0">(DE-588)2112976-9</subfield>
      <subfield code="0">(DE-101)007606095</subfield>
      <subfield code="a">Arbeitsgemeinschaft für Pazifische Studien</subfield>
    </datafield>
    <datafield ind1=" " ind2="0" tag="830">
      <subfield code="a">Pazifik-Forum</subfield>
      <subfield code="v">Bd. 8</subfield>
      <subfield code="w">(DE-101)024542849</subfield>
      <subfield code="w">(DE-600)2106991-8</subfield>
      <subfield code="9">18</subfield>
    </datafield>
    <datafield ind1="4" ind2="2" tag="856">
      <subfield code="m">X:GBV</subfield>
      <subfield code="u">http://d-nb.info/969674171/04</subfield>
      <subfield code="3">Inhaltsverzeichnis</subfield>
    </datafield>
    <datafield ind1="r" ind2=" " tag="925">
      <subfield code="a">ra</subfield>
    </datafield>
  </record>