
  <record>
    <leader>01869nam a2200433 c 4500</leader>
    <controlfield tag="001">970083580</controlfield>
    <controlfield tag="003">DE-101</controlfield>
    <controlfield tag="005">20070429052740.0</controlfield>
    <controlfield tag="007">tu</controlfield>
    <controlfield tag="008">040204s2003    gw |||||r|||| 00||||eng  </controlfield>
    <datafield ind1=" " ind2=" " tag="015">
      <subfield code="a">04,B12,0033</subfield>
      <subfield code="2">dnb</subfield>
    </datafield>
    <datafield ind1="7" ind2=" " tag="016">
      <subfield code="2">DE-101</subfield>
      <subfield code="a">970083580</subfield>
    </datafield>
    <datafield ind1=" " ind2=" " tag="020">
      <subfield code="c">kart.</subfield>
    </datafield>
    <datafield ind1=" " ind2=" " tag="035">
      <subfield code="a">(DE-599)DNB970083580</subfield>
    </datafield>
    <datafield ind1=" " ind2=" " tag="035">
      <subfield code="a">(OCoLC)76684490</subfield>
    </datafield>
    <datafield ind1=" " ind2=" " tag="040">
      <subfield code="a">1230</subfield>
      <subfield code="b">ger</subfield>
      <subfield code="c">DE-101</subfield>
      <subfield code="d">9999</subfield>
      <subfield code="e">rakwb</subfield>
    </datafield>
    <datafield ind1=" " ind2=" " tag="041">
      <subfield code="a">eng</subfield>
    </datafield>
    <datafield ind1=" " ind2=" " tag="044">
      <subfield code="c">XA-DE</subfield>
    </datafield>
    <datafield ind1="7" ind2="4" tag="082">
      <subfield code="a">150</subfield>
      <subfield code="q">DE-101</subfield>
      <subfield code="2">22sdnb</subfield>
    </datafield>
    <datafield ind1=" " ind2=" " tag="084">
      <subfield code="a">150</subfield>
      <subfield code="q">DE-101</subfield>
      <subfield code="2">sdnb</subfield>
    </datafield>
    <datafield ind1=" " ind2=" " tag="090">
      <subfield code="a">b</subfield>
    </datafield>
    <datafield ind1="1" ind2=" " tag="100">
      <subfield code="0">(DE-588)132779420</subfield>
      <subfield code="0">(DE-101)132779420</subfield>
      <subfield code="a">Schmitt, Manfred</subfield>
      <subfield code="4">aut</subfield>
    </datafield>
    <datafield ind1="1" ind2="0" tag="245">
      <subfield code="a">Justice sensitivity</subfield>
      <subfield code="b">assessment and location in the personality space</subfield>
      <subfield code="c">Manfred Schmitt, Mario Gollwitzer &amp; Dima Arbach. [Universität Trier, Fachbereich I, Psychologie]</subfield>
    </datafield>
    <datafield ind1="3" ind2=" " tag="260">
      <subfield code="a">Trier</subfield>
      <subfield code="b">Univ., Psychologie</subfield>
      <subfield code="c">2003</subfield>
    </datafield>
    <datafield ind1=" " ind2=" " tag="300">
      <subfield code="a">77 S.</subfield>
      <subfield code="c">30 cm</subfield>
    </datafield>
    <datafield ind1="1" ind2=" " tag="490">
      <subfield code="a">Berichte aus der Arbeitsgruppe Verantwortung, Gerechtigkeit, Moral</subfield>
      <subfield code="v">159</subfield>
    </datafield>
    <datafield ind1=" " ind2=" " tag="500">
      <subfield code="a">Literaturverz. S. 37 - 43</subfield>
    </datafield>
    <datafield ind1=" " ind2="7" tag="650">
      <subfield code="0">(DE-588)4156809-6</subfield>
      <subfield code="0">(DE-101)041568095</subfield>
      <subfield code="a">Gerechtigkeitsgefühl</subfield>
      <subfield code="2">gnd</subfield>
    </datafield>
    <datafield ind1=" " ind2="7" tag="650">
      <subfield code="0">(DE-588)4061729-4</subfield>
      <subfield code="0">(DE-101)040617297</subfield>
      <subfield code="a">Ungerechtigkeit</subfield>
      <subfield code="2">gnd</subfield>
    </datafield>
    <datafield ind1=" " ind2="7" tag="650">
      <subfield code="0">(DE-588)4180999-3</subfield>
      <subfield code="0">(DE-101)041809998</subfield>
      <subfield code="a">Sensitivität</subfield>
      <subfield code="2">gnd</subfield>
    </datafield>
    <datafield ind1="0" ind2="0" tag="689">
      <subfield code="0">(DE-588)4156809-6</subfield>
      <subfield code="0">(DE-101)041568095</subfield>
      <subfield code="D">s</subfield>
      <subfield code="a">Gerechtigkeitsgefühl</subfield>
    </datafield>
    <datafield ind1="0" ind2=" " tag="689">
      <subfield code="5">DE-101</subfield>
      <subfield code="5">DE-101</subfield>
    </datafield>
    <datafield ind1="1" ind2="0" tag="689">
      <subfield code="0">(DE-588)4061729-4</subfield>
      <subfield code="0">(DE-101)040617297</subfield>
      <subfield code="D">s</subfield>
      <subfield code="a">Ungerechtigkeit</subfield>
    </datafield>
    <datafield ind1="1" ind2="1" tag="689">
      <subfield code="0">(DE-588)4180999-3</subfield>
      <subfield code="0">(DE-101)041809998</subfield>
      <subfield code="D">s</subfield>
      <subfield code="a">Sensitivität</subfield>
    </datafield>
    <datafield ind1="1" ind2=" " tag="689">
      <subfield code="5">DE-101</subfield>
      <subfield code="5">DE-101</subfield>
    </datafield>
    <datafield ind1="1" ind2=" " tag="700">
      <subfield code="0">(DE-588)123250196</subfield>
      <subfield code="0">(DE-101)123250196</subfield>
      <subfield code="a">Gollwitzer, Mario</subfield>
      <subfield code="d">1973-</subfield>
      <subfield code="4">aut</subfield>
    </datafield>
    <datafield ind1="1" ind2=" " tag="700">
      <subfield code="0">(DE-588)128749490</subfield>
      <subfield code="0">(DE-101)128749490</subfield>
      <subfield code="a">Arbach, Dima</subfield>
      <subfield code="4">aut</subfield>
    </datafield>
    <datafield ind1="2" ind2=" " tag="810">
      <subfield code="a">Universität Trier</subfield>
      <subfield code="b">Arbeitsgruppe Verantwortung, Gerechtigkeit, Moral</subfield>
      <subfield code="4">aut</subfield>
      <subfield code="t">Berichte aus der Arbeitsgruppe Verantwortung, Gerechtigkeit, Moral</subfield>
      <subfield code="v">159</subfield>
      <subfield code="w">(DE-101)01361908X</subfield>
      <subfield code="w">(DE-600)625735-5</subfield>
      <subfield code="9">3159</subfield>
    </datafield>
    <datafield ind1="r" ind2=" " tag="925">
      <subfield code="a">rb</subfield>
    </datafield>
  </record>