
  <record>
    <leader>02463pam a2200445 c 4500</leader>
    <controlfield tag="001">971533466</controlfield>
    <controlfield tag="003">DE-101</controlfield>
    <controlfield tag="005">20071204133035.0</controlfield>
    <controlfield tag="007">co||||||||||||</controlfield>
    <controlfield tag="008">040615s2004    gw |||||q|||| 00||||ger  </controlfield>
    <datafield ind1=" " ind2=" " tag="015">
      <subfield code="a">04,A44,0839</subfield>
      <subfield code="z">04,N28,0759</subfield>
      <subfield code="2">dnb</subfield>
    </datafield>
    <datafield ind1="7" ind2=" " tag="016">
      <subfield code="2">DE-101</subfield>
      <subfield code="a">971533466</subfield>
    </datafield>
    <datafield ind1=" " ind2=" " tag="020">
      <subfield code="a">3110181703</subfield>
      <subfield code="c">: EUR 39.95, sfr 64.00</subfield>
      <subfield code="9">3-11-018170-3</subfield>
    </datafield>
    <datafield ind1="3" ind2=" " tag="024">
      <subfield code="a">9783110181708</subfield>
    </datafield>
    <datafield ind1=" " ind2=" " tag="035">
      <subfield code="a">(DE-599)DNB971533466</subfield>
    </datafield>
    <datafield ind1=" " ind2=" " tag="035">
      <subfield code="a">(OCoLC)605230980</subfield>
    </datafield>
    <datafield ind1=" " ind2=" " tag="040">
      <subfield code="a">1145</subfield>
      <subfield code="b">ger</subfield>
      <subfield code="c">DE-101</subfield>
      <subfield code="d">1262</subfield>
      <subfield code="e">rakwb</subfield>
    </datafield>
    <datafield ind1=" " ind2=" " tag="041">
      <subfield code="a">ger</subfield>
    </datafield>
    <datafield ind1=" " ind2=" " tag="044">
      <subfield code="c">XA-DE-BE</subfield>
    </datafield>
    <datafield ind1="7" ind2="4" tag="082">
      <subfield code="a">610</subfield>
      <subfield code="q">DE-101</subfield>
      <subfield code="2">22sdnb</subfield>
    </datafield>
    <datafield ind1=" " ind2=" " tag="084">
      <subfield code="a">610</subfield>
      <subfield code="q">DE-101</subfield>
      <subfield code="2">sdnb</subfield>
    </datafield>
    <datafield ind1="1" ind2="0" tag="245">
      <subfield code="a">Pschyrembel Klinisches Wörterbuch</subfield>
      <subfield code="h">[Elektronische Ressource]</subfield>
    </datafield>
    <datafield ind1="1" ind2="3" tag="246">
      <subfield code="a">Klinisches Wörterbuch</subfield>
    </datafield>
    <datafield ind1=" " ind2=" " tag="250">
      <subfield code="a">Version 2004</subfield>
    </datafield>
    <datafield ind1=" " ind2=" " tag="259">
      <subfield code="a">42004</subfield>
    </datafield>
    <datafield ind1="3" ind2=" " tag="260">
      <subfield code="a">Berlin</subfield>
      <subfield code="b">de Gruyter</subfield>
      <subfield code="c">2004</subfield>
    </datafield>
    <datafield ind1=" " ind2=" " tag="300">
      <subfield code="a">1 CD-ROM</subfield>
      <subfield code="b">farb.</subfield>
      <subfield code="c">12 cm, in Behältnis 22 x 15 x 2 cm</subfield>
      <subfield code="e">Beil. ([2] S.)</subfield>
    </datafield>
    <datafield ind1="0" ind2=" " tag="490">
      <subfield code="a">De-Gruyter-CD-ROM</subfield>
    </datafield>
    <datafield ind1=" " ind2=" " tag="500">
      <subfield code="a">Titel auf dem Behältnis</subfield>
    </datafield>
    <datafield ind1=" " ind2=" " tag="520">
      <subfield code="a">Mit seinen 260 Auflagen steht Pschyrembel® für lexikalische Kompetenz und für zuverlässig gesichertes Fachwissen. Mehr als hundert renommierte Autoren aus der medizinischen Wissenschaft und Praxis halten unser erfahrenes Redaktionsteam mit aktuellen Fachinformationen auf dem neuesten Stand. Die wichtigsten Neuerungen: Auf 2000 Seiten erweiterter Umfang Klarer Aufbau und bessere Übersichtlichkeit dank neuem Layout Überarbeitete und aktualisierte Einträge in vielen Fachbereichen Mehr als 1000 neue Fachbegriffe: SARS, Vogelgrippe, Gesundheitssystem-Modernisierungsgesetz, aut idem, DRGs Neue gesetzliche Regelungen im Rahmen der Gesundheitsreform Etwa 70.000 Querverweise innerhalb des Werkes Rund 400 neu aufgenommene Abbildungen und Tabellen</subfield>
    </datafield>
    <datafield ind1=" " ind2=" " tag="538">
      <subfield code="a">Systemvoraussetzungen:PC mit mindestens Pentium-II-Prozessor (366 MHz); mindestens 128 RAM, mindestens 50 MB Festplattenspeicher;Windows 98/2000/XP (neuestes Service Pack empfohlen), Microsoft Internet Explorer ab Version 5.5 oder höher, Browser muss Javascript unterstützen und Cookies akzeptieren;CD-Laufwerk</subfield>
    </datafield>
    <datafield ind1=" " ind2="7" tag="650">
      <subfield code="0">(DE-588)4038243-6</subfield>
      <subfield code="0">(DE-101)040382435</subfield>
      <subfield code="a">Medizin</subfield>
      <subfield code="2">gnd</subfield>
    </datafield>
    <datafield ind1=" " ind2="7" tag="655">
      <subfield code="a">Wörterbuch</subfield>
      <subfield code="2">gnd</subfield>
    </datafield>
    <datafield ind1=" " ind2="7" tag="655">
      <subfield code="a">CD-ROM</subfield>
      <subfield code="2">gnd</subfield>
    </datafield>
    <datafield ind1="0" ind2="0" tag="689">
      <subfield code="0">(DE-588)4038243-6</subfield>
      <subfield code="0">(DE-101)040382435</subfield>
      <subfield code="D">s</subfield>
      <subfield code="a">Medizin</subfield>
    </datafield>
    <datafield ind1="0" ind2="1" tag="689">
      <subfield code="A">f</subfield>
      <subfield code="a">Wörterbuch</subfield>
    </datafield>
    <datafield ind1="0" ind2="2" tag="689">
      <subfield code="A">f</subfield>
      <subfield code="a">CD-ROM</subfield>
    </datafield>
    <datafield ind1="0" ind2=" " tag="689">
      <subfield code="5">DE-101</subfield>
      <subfield code="5">DE-101</subfield>
    </datafield>
    <datafield ind1="1" ind2=" " tag="700">
      <subfield code="0">(DE-588)102650462</subfield>
      <subfield code="0">(DE-101)102650462</subfield>
      <subfield code="a">Pschyrembel, Willibald</subfield>
      <subfield code="d">1901-1987</subfield>
      <subfield code="4">cre</subfield>
    </datafield>
    <datafield ind1="r" ind2=" " tag="925">
      <subfield code="a">ra</subfield>
    </datafield>
  </record>