
  <record>
    <leader>04464pam a2200529 c 4500</leader>
    <controlfield tag="001">972128239</controlfield>
    <controlfield tag="003">DE-101</controlfield>
    <controlfield tag="005">20051216164213.0</controlfield>
    <controlfield tag="007">co||||||||||||</controlfield>
    <controlfield tag="008">040830s2004    gw |||||q|||| 00||||ger  </controlfield>
    <datafield ind1=" " ind2=" " tag="015">
      <subfield code="a">04,A44,0838</subfield>
      <subfield code="z">04,N39,0512</subfield>
      <subfield code="2">dnb</subfield>
    </datafield>
    <datafield ind1="7" ind2=" " tag="016">
      <subfield code="2">DE-101</subfield>
      <subfield code="a">972128239</subfield>
    </datafield>
    <datafield ind1=" " ind2=" " tag="020">
      <subfield code="a">3110182017</subfield>
      <subfield code="c">: EUR 89.00, ca. sfr 142.00</subfield>
      <subfield code="9">3-11-018201-7</subfield>
    </datafield>
    <datafield ind1="3" ind2=" " tag="024">
      <subfield code="a">9783110182019</subfield>
    </datafield>
    <datafield ind1=" " ind2=" " tag="035">
      <subfield code="a">(DE-599)DNB972128239</subfield>
    </datafield>
    <datafield ind1=" " ind2=" " tag="035">
      <subfield code="a">(OCoLC)723176689</subfield>
    </datafield>
    <datafield ind1=" " ind2=" " tag="040">
      <subfield code="a">1145</subfield>
      <subfield code="b">ger</subfield>
      <subfield code="c">DE-101</subfield>
      <subfield code="d">9999</subfield>
      <subfield code="e">rakwb</subfield>
    </datafield>
    <datafield ind1=" " ind2=" " tag="041">
      <subfield code="a">ger</subfield>
    </datafield>
    <datafield ind1=" " ind2=" " tag="044">
      <subfield code="c">XA-DE-BE</subfield>
    </datafield>
    <datafield ind1="7" ind2="4" tag="082">
      <subfield code="a">610</subfield>
      <subfield code="q">DE-101</subfield>
      <subfield code="2">22sdnb</subfield>
    </datafield>
    <datafield ind1=" " ind2=" " tag="084">
      <subfield code="a">610</subfield>
      <subfield code="q">DE-101</subfield>
      <subfield code="2">sdnb</subfield>
    </datafield>
    <datafield ind1="1" ind2="0" tag="245">
      <subfield code="a">Pschyrembel, Hunnius Klinisches und pharmazeutisches Wörterbuch</subfield>
      <subfield code="h">[Elektronische Ressource]</subfield>
    </datafield>
    <datafield ind1="1" ind2="3" tag="246">
      <subfield code="a">Klinisches und pharmazeutisches Wörterbuch</subfield>
    </datafield>
    <datafield ind1=" " ind2=" " tag="250">
      <subfield code="a">[CD-ROM-Ausg. der 260. und 9. Printaufl.]</subfield>
    </datafield>
    <datafield ind1=" " ind2=" " tag="259">
      <subfield code="a">3260</subfield>
    </datafield>
    <datafield ind1="3" ind2=" " tag="260">
      <subfield code="a">Berlin</subfield>
      <subfield code="b">de Gruyter</subfield>
      <subfield code="c">2004</subfield>
    </datafield>
    <datafield ind1=" " ind2=" " tag="300">
      <subfield code="a">1 CD-ROM</subfield>
      <subfield code="b">farb.</subfield>
      <subfield code="c">12 cm, in Behältnis 22 x 15 x 2 cm</subfield>
      <subfield code="e">Beil. ([2] S.)</subfield>
    </datafield>
    <datafield ind1="0" ind2=" " tag="490">
      <subfield code="a">De-Gruyter-CD-ROM</subfield>
    </datafield>
    <datafield ind1=" " ind2=" " tag="500">
      <subfield code="a">Titel auf dem Behältnis</subfield>
    </datafield>
    <datafield ind1=" " ind2=" " tag="520">
      <subfield code="a">Die Standardwörterbücher der Medizin und Pharmazie gemeinsam auf einer CD-ROM. Die Kombination der beiden Nachschlagewerke ermöglicht eine vollständige Suche auf den Gebieten sowohl der Medizin als auch der Pharmazie. Hunnius Pharmazeutisches Wörterbuch. Die komprimierte Darstellung ermöglicht einen schnellen Zugriff im pharmazeutischen Alltag, in der Apotheke oder Praxis und in der pharmazeutischen Ausbildung. Der Hunnius - informiert umfassend über Kern- und Randgebiete der Pharmazie, - weist relevante Stoffe mit Angaben zu den wissenschaftlichen Bezeichnungen und Trivialnamen aus; physikalische, chemische und pharmakologische Eigenschaften, Anwendungen, Dosierungen und unerwünschte Arzneimittelwirkungen können nachgeschlagen werden, - gibt Auskunft zu homöopathischen Arzneimitteln und Anwendungsgebieten, - führt über 2000 chemische Strukturformeln auf. Pschyrembel® Klinisches Wörterbuch. Der Name Pschyrembel® steht seit über 100 Jahren für lexikalische Kompetenz in der Medizin. Kennzeichnend für Pschyrembel® sind Umfang und Ausführlichkeit der einzelnen Einträge. Renommierte Autoren aus Wissenschaft und Industrie stellen sicher, dass in diesem Nachschlagewerk stets der neueste Stand der Forschung berücksichtigt wird. Eine erfahrene Fachredaktion im Verlag garantiert den hohen inhaltlichen und formalen Standard. Der Pschyrembel® bietet: - ausführliche Erklärungen der Begriffe mit Kurz-Definitionen zu Beginn jedes Eintrags, - aktuelle und praxisnahe Informationen auch zu angrenzenden Fachgebieten,- etymologische Erläuterungen-englische Übersetzungen der Begriffe-Anhang zu Vergiftungen und Notfallmedizin. Ihre Vorteile auf einen Blick: - Nutzerfreundliche Suchmaske durch browserbasierte Oberfläche. - Mehr als 5500 Abbildungen und Tabellen, 50 Videos- 150.000 Verweise, die den Inhalt erschließen und vernetzen. - Links ins Internet- Zugang zu den Stichwörtern über Stichwortindex, Schnellsuche oder Expertensuche- Gesteigerte Funktionalität durch Einbindung der ICD 10-Codes - Kostenlose Servicehotline für alle Fragen rund um Pschyrembel® und Hunnius. Systemvoraussetzungen: PC mit mindestens Pentium-II-Prozessor (366 Mhz)CD-Laufwerk mindestens 128 MB RAMmin. 50 MB FestplattenspeicherWindows 98/ 2000/ XP (neuestes Service Pack empfohlen) Microsoft Internet Explorer ab Version 5.5 oder höher</subfield>
    </datafield>
    <datafield ind1=" " ind2=" " tag="538">
      <subfield code="a">Systemvoraussetzungen:PC mit mindestens Pentium-II-Prozessor (366 MHz); mindestens 128 RAM, mindestens 50 MB Festplattenspeicher;Windows 98/2000/XP (neuestes Service Pack empfohlen), Microsoft Internet Explorer ab Version 5.5 oder höher, Browser muss Javascript unterstützen und Cookies akzeptieren;CD-Laufwerk</subfield>
    </datafield>
    <datafield ind1=" " ind2="7" tag="650">
      <subfield code="0">(DE-588)4038243-6</subfield>
      <subfield code="0">(DE-101)040382435</subfield>
      <subfield code="a">Medizin</subfield>
      <subfield code="2">gnd</subfield>
    </datafield>
    <datafield ind1=" " ind2="7" tag="650">
      <subfield code="0">(DE-588)4045705-9</subfield>
      <subfield code="0">(DE-101)040457052</subfield>
      <subfield code="a">Pharmazie</subfield>
      <subfield code="2">gnd</subfield>
    </datafield>
    <datafield ind1=" " ind2="7" tag="655">
      <subfield code="a">Wörterbuch</subfield>
      <subfield code="2">gnd</subfield>
    </datafield>
    <datafield ind1=" " ind2="7" tag="655">
      <subfield code="a">CD-ROM</subfield>
      <subfield code="2">gnd</subfield>
    </datafield>
    <datafield ind1=" " ind2="7" tag="655">
      <subfield code="a">Wörterbuch</subfield>
      <subfield code="2">gnd</subfield>
    </datafield>
    <datafield ind1=" " ind2="7" tag="655">
      <subfield code="a">CD-ROM</subfield>
      <subfield code="2">gnd</subfield>
    </datafield>
    <datafield ind1="0" ind2="0" tag="689">
      <subfield code="0">(DE-588)4038243-6</subfield>
      <subfield code="0">(DE-101)040382435</subfield>
      <subfield code="D">s</subfield>
      <subfield code="a">Medizin</subfield>
    </datafield>
    <datafield ind1="0" ind2="1" tag="689">
      <subfield code="A">f</subfield>
      <subfield code="a">Wörterbuch</subfield>
    </datafield>
    <datafield ind1="0" ind2="2" tag="689">
      <subfield code="A">f</subfield>
      <subfield code="a">CD-ROM</subfield>
    </datafield>
    <datafield ind1="0" ind2=" " tag="689">
      <subfield code="5">DE-101</subfield>
      <subfield code="5">DE-101</subfield>
    </datafield>
    <datafield ind1="1" ind2="0" tag="689">
      <subfield code="0">(DE-588)4045705-9</subfield>
      <subfield code="0">(DE-101)040457052</subfield>
      <subfield code="D">s</subfield>
      <subfield code="a">Pharmazie</subfield>
    </datafield>
    <datafield ind1="1" ind2="1" tag="689">
      <subfield code="A">f</subfield>
      <subfield code="a">Wörterbuch</subfield>
    </datafield>
    <datafield ind1="1" ind2="2" tag="689">
      <subfield code="A">f</subfield>
      <subfield code="a">CD-ROM</subfield>
    </datafield>
    <datafield ind1="1" ind2=" " tag="689">
      <subfield code="5">DE-101</subfield>
      <subfield code="5">DE-101</subfield>
    </datafield>
    <datafield ind1="1" ind2=" " tag="700">
      <subfield code="0">(DE-588)102650462</subfield>
      <subfield code="0">(DE-101)102650462</subfield>
      <subfield code="a">Pschyrembel, Willibald</subfield>
      <subfield code="d">1901-1987</subfield>
      <subfield code="4">cre</subfield>
    </datafield>
    <datafield ind1="r" ind2=" " tag="925">
      <subfield code="a">ra</subfield>
    </datafield>
  </record>