
  <record>
    <leader>01245nam a2200313 c 4500</leader>
    <controlfield tag="001">972153608</controlfield>
    <controlfield tag="003">DE-101</controlfield>
    <controlfield tag="005">20050112001200.0</controlfield>
    <controlfield tag="007">tu</controlfield>
    <controlfield tag="008">040902s2004    sz |||||r|||| 00||||ger  </controlfield>
    <datafield ind1=" " ind2=" " tag="015">
      <subfield code="a">05,B04,0327</subfield>
      <subfield code="2">dnb</subfield>
    </datafield>
    <datafield ind1="7" ind2=" " tag="016">
      <subfield code="2">DE-101</subfield>
      <subfield code="a">972153608</subfield>
    </datafield>
    <datafield ind1=" " ind2=" " tag="020">
      <subfield code="c">geh.</subfield>
    </datafield>
    <datafield ind1=" " ind2=" " tag="035">
      <subfield code="a">(DE-599)DNB972153608</subfield>
    </datafield>
    <datafield ind1=" " ind2=" " tag="035">
      <subfield code="a">(OCoLC)613299715</subfield>
    </datafield>
    <datafield ind1=" " ind2=" " tag="040">
      <subfield code="a">1131</subfield>
      <subfield code="b">ger</subfield>
      <subfield code="c">DE-101</subfield>
      <subfield code="d">9999</subfield>
      <subfield code="e">rakwb</subfield>
    </datafield>
    <datafield ind1=" " ind2=" " tag="041">
      <subfield code="a">ger</subfield>
    </datafield>
    <datafield ind1=" " ind2=" " tag="044">
      <subfield code="c">XA-CH</subfield>
    </datafield>
    <datafield ind1="7" ind2="4" tag="082">
      <subfield code="a">650</subfield>
      <subfield code="a">230</subfield>
      <subfield code="a">100</subfield>
      <subfield code="q">DE-101</subfield>
      <subfield code="2">22sdnb</subfield>
    </datafield>
    <datafield ind1=" " ind2=" " tag="084">
      <subfield code="a">650</subfield>
      <subfield code="a">230</subfield>
      <subfield code="a">100</subfield>
      <subfield code="q">DE-101</subfield>
      <subfield code="2">sdnb</subfield>
    </datafield>
    <datafield ind1=" " ind2=" " tag="090">
      <subfield code="a">b</subfield>
    </datafield>
    <datafield ind1="1" ind2="0" tag="245">
      <subfield code="a">Christliche Werte, Hippokrates und Unternehmensethik</subfield>
      <subfield code="c">Hrsg.: Glaube + Wirtschaft, Interkonfessionelle Informationsstelle. Christoph Weber ; Otfried Höffe. Einf., Red. und Gestaltung Urs C. Reinhardt</subfield>
    </datafield>
    <datafield ind1="3" ind2=" " tag="260">
      <subfield code="a">Fribourg</subfield>
      <subfield code="b">Glaube und Wirtschaft, Interkonfessionelle Informationsstelle</subfield>
      <subfield code="c">2004</subfield>
    </datafield>
    <datafield ind1=" " ind2=" " tag="300">
      <subfield code="a">32 S.</subfield>
      <subfield code="c">21 cm</subfield>
    </datafield>
    <datafield ind1="1" ind2=" " tag="700">
      <subfield code="0">(DE-588)100692311</subfield>
      <subfield code="0">(DE-101)100692311</subfield>
      <subfield code="a">Weber, Christoph</subfield>
      <subfield code="4">cre</subfield>
    </datafield>
    <datafield ind1="1" ind2=" " tag="700">
      <subfield code="0">(DE-588)119155052</subfield>
      <subfield code="0">(DE-101)119155052</subfield>
      <subfield code="a">Höffe, Otfried</subfield>
      <subfield code="d">1943-</subfield>
      <subfield code="4">cre</subfield>
    </datafield>
    <datafield ind1="1" ind2=" " tag="700">
      <subfield code="0">(DE-588)111138736</subfield>
      <subfield code="0">(DE-101)111138736</subfield>
      <subfield code="a">Reinhardt, Urs C.</subfield>
      <subfield code="4">red</subfield>
      <subfield code="e">Red.</subfield>
    </datafield>
    <datafield ind1="2" ind2=" " tag="710">
      <subfield code="0">(DE-588)10069453-6</subfield>
      <subfield code="0">(DE-101)969696515</subfield>
      <subfield code="a">Glaube + Wirtschaft, Interkonfessionelle Informationsstelle</subfield>
      <subfield code="g">Fribourg</subfield>
    </datafield>
    <datafield ind1="r" ind2=" " tag="925">
      <subfield code="a">rb</subfield>
    </datafield>
  </record>