
  <record>
    <leader>01538pam a2200397 c 4500</leader>
    <controlfield tag="001">972236643</controlfield>
    <controlfield tag="003">DE-101</controlfield>
    <controlfield tag="005">20110723201630.0</controlfield>
    <controlfield tag="007">tu</controlfield>
    <controlfield tag="008">040914s2004    gw |||||r|||| 00||||ger  </controlfield>
    <datafield ind1=" " ind2=" " tag="015">
      <subfield code="a">04,A52,0324</subfield>
      <subfield code="z">04,N41,0128</subfield>
      <subfield code="2">dnb</subfield>
    </datafield>
    <datafield ind1="7" ind2=" " tag="016">
      <subfield code="2">DE-101</subfield>
      <subfield code="a">972236643</subfield>
    </datafield>
    <datafield ind1=" " ind2=" " tag="020">
      <subfield code="a">3825282961 (UTB)</subfield>
      <subfield code="c"> kart. : EUR 24.90, sfr 43.70</subfield>
      <subfield code="9">3-8252-8296-1</subfield>
    </datafield>
    <datafield ind1=" " ind2=" " tag="020">
      <subfield code="a">3497017353 (Reinhardt)</subfield>
      <subfield code="c"> kart. : EUR 24.90, sfr 43.70</subfield>
      <subfield code="9">3-497-01735-3</subfield>
    </datafield>
    <datafield ind1="3" ind2=" " tag="024">
      <subfield code="a">9783825282967</subfield>
    </datafield>
    <datafield ind1=" " ind2=" " tag="035">
      <subfield code="a">(DE-599)DNB972236643</subfield>
    </datafield>
    <datafield ind1=" " ind2=" " tag="035">
      <subfield code="a">(OCoLC)299965866</subfield>
    </datafield>
    <datafield ind1=" " ind2=" " tag="040">
      <subfield code="a">1245</subfield>
      <subfield code="b">ger</subfield>
      <subfield code="c">DE-101</subfield>
      <subfield code="d">9999</subfield>
      <subfield code="e">rakwb</subfield>
    </datafield>
    <datafield ind1=" " ind2=" " tag="041">
      <subfield code="a">ger</subfield>
    </datafield>
    <datafield ind1=" " ind2=" " tag="044">
      <subfield code="c">XA-DE</subfield>
    </datafield>
    <datafield ind1="7" ind2="4" tag="082">
      <subfield code="a">150</subfield>
      <subfield code="a">360</subfield>
      <subfield code="q">DE-101</subfield>
      <subfield code="2">22sdnb</subfield>
    </datafield>
    <datafield ind1=" " ind2=" " tag="084">
      <subfield code="a">150</subfield>
      <subfield code="a">360</subfield>
      <subfield code="q">DE-101</subfield>
      <subfield code="2">sdnb</subfield>
    </datafield>
    <datafield ind1=" " ind2=" " tag="090">
      <subfield code="a">b</subfield>
    </datafield>
    <datafield ind1="1" ind2=" " tag="100">
      <subfield code="0">(DE-588)120414511</subfield>
      <subfield code="0">(DE-101)120414511</subfield>
      <subfield code="a">Langfeldt, Hans-Peter</subfield>
      <subfield code="d">1943-</subfield>
      <subfield code="4">aut</subfield>
    </datafield>
    <datafield ind1="1" ind2="0" tag="245">
      <subfield code="a">Psychologie</subfield>
      <subfield code="b">Studienbuch für soziale Berufe</subfield>
      <subfield code="c">Hans-Peter Langfeldt/Werner Nothdurft. Unter Mitarb. von Elisabeth Baumgartner ...</subfield>
    </datafield>
    <datafield ind1=" " ind2=" " tag="250">
      <subfield code="a">3., vollst. überarb. Aufl.</subfield>
    </datafield>
    <datafield ind1=" " ind2=" " tag="259">
      <subfield code="a">13</subfield>
    </datafield>
    <datafield ind1="3" ind2=" " tag="260">
      <subfield code="a">München</subfield>
      <subfield code="a">Basel</subfield>
      <subfield code="b">E. Reinhardt</subfield>
      <subfield code="c">2004</subfield>
    </datafield>
    <datafield ind1=" " ind2=" " tag="300">
      <subfield code="a">309 S.</subfield>
      <subfield code="b">graph. Darst.</subfield>
    </datafield>
    <datafield ind1="1" ind2=" " tag="490">
      <subfield code="a">UTB</subfield>
      <subfield code="v">8296</subfield>
    </datafield>
    <datafield ind1="1" ind2=" " tag="490">
      <subfield code="a">Studienbücher für soziale Berufe</subfield>
      <subfield code="v">Bd. 5</subfield>
    </datafield>
    <datafield ind1="1" ind2=" " tag="700">
      <subfield code="0">(DE-588)133702022</subfield>
      <subfield code="0">(DE-101)133702022</subfield>
      <subfield code="a">Nothdurft, Werner</subfield>
      <subfield code="d">1951-</subfield>
      <subfield code="4">aut</subfield>
    </datafield>
    <datafield ind1=" " ind2="0" tag="830">
      <subfield code="a">UTB</subfield>
      <subfield code="v">8296</subfield>
      <subfield code="w">(DE-101)01513430X</subfield>
      <subfield code="w">(DE-600)972280-4</subfield>
      <subfield code="9">48296</subfield>
    </datafield>
    <datafield ind1=" " ind2="0" tag="830">
      <subfield code="a">Studienbücher für soziale Berufe</subfield>
      <subfield code="v">Bd. 5</subfield>
      <subfield code="w">(DE-101)026675501</subfield>
      <subfield code="w">(DE-600)2167400-0</subfield>
      <subfield code="9">15</subfield>
    </datafield>
    <datafield ind1="4" ind2="2" tag="856">
      <subfield code="m">V:DE-576</subfield>
      <subfield code="q">application/pdf</subfield>
      <subfield code="u">http://d-nb.info/972236643/04</subfield>
      <subfield code="3">Inhaltsverzeichnis</subfield>
    </datafield>
    <datafield ind1="r" ind2=" " tag="925">
      <subfield code="a">ra</subfield>
    </datafield>
  </record>