
  <record>
    <leader>00938nam a2200289 c 4500</leader>
    <controlfield tag="001">972730745</controlfield>
    <controlfield tag="003">DE-101</controlfield>
    <controlfield tag="005">20050105001422.0</controlfield>
    <controlfield tag="007">tu</controlfield>
    <controlfield tag="008">041112s2005    gw |||||r|||| 00||||ger  </controlfield>
    <datafield ind1=" " ind2=" " tag="015">
      <subfield code="a">05,A03,2395</subfield>
      <subfield code="2">dnb</subfield>
    </datafield>
    <datafield ind1="7" ind2=" " tag="016">
      <subfield code="2">DE-101</subfield>
      <subfield code="a">972730745</subfield>
    </datafield>
    <datafield ind1=" " ind2=" " tag="020">
      <subfield code="a">3811225197</subfield>
      <subfield code="c">Pp. : EUR 5.00 (DE), EUR 5.20 (AT)</subfield>
      <subfield code="9">3-8112-2519-7</subfield>
    </datafield>
    <datafield ind1=" " ind2=" " tag="035">
      <subfield code="a">(DE-599)DNB972730745</subfield>
    </datafield>
    <datafield ind1=" " ind2=" " tag="035">
      <subfield code="a">(OCoLC)76563218</subfield>
    </datafield>
    <datafield ind1=" " ind2=" " tag="040">
      <subfield code="a">1230</subfield>
      <subfield code="b">ger</subfield>
      <subfield code="c">DE-101</subfield>
      <subfield code="d">9999</subfield>
      <subfield code="e">rakwb</subfield>
    </datafield>
    <datafield ind1=" " ind2=" " tag="041">
      <subfield code="a">ger</subfield>
    </datafield>
    <datafield ind1=" " ind2=" " tag="044">
      <subfield code="c">XA-DE</subfield>
    </datafield>
    <datafield ind1="7" ind2="4" tag="082">
      <subfield code="a">K</subfield>
      <subfield code="q">DE-101</subfield>
      <subfield code="2">22sdnb</subfield>
    </datafield>
    <datafield ind1=" " ind2=" " tag="084">
      <subfield code="a">K</subfield>
      <subfield code="q">DE-101</subfield>
      <subfield code="2">sdnb</subfield>
    </datafield>
    <datafield ind1=" " ind2=" " tag="090">
      <subfield code="a">b</subfield>
    </datafield>
    <datafield ind1="1" ind2=" " tag="100">
      <subfield code="0">(DE-588)122899008</subfield>
      <subfield code="0">(DE-101)122899008</subfield>
      <subfield code="a">Hämmerle, Susa</subfield>
      <subfield code="d">1958-</subfield>
      <subfield code="4">aut</subfield>
    </datafield>
    <datafield ind1="1" ind2="0" tag="245">
      <subfield code="a">Die drei Musketiere</subfield>
      <subfield code="c">Alexandre Dumas. Nacherzählt von Susa Hämmerle. Ill. von Laurence Sartin</subfield>
    </datafield>
    <datafield ind1="3" ind2=" " tag="260">
      <subfield code="a">Bindlach</subfield>
      <subfield code="b">Gondolino</subfield>
      <subfield code="c">2005</subfield>
    </datafield>
    <datafield ind1=" " ind2=" " tag="300">
      <subfield code="a">135 S.</subfield>
      <subfield code="b">Ill.</subfield>
      <subfield code="c">25 cm</subfield>
    </datafield>
    <datafield ind1="1" ind2=" " tag="700">
      <subfield code="0">(DE-588)124437524</subfield>
      <subfield code="0">(DE-101)124437524</subfield>
      <subfield code="a">Sartin, Laurence</subfield>
      <subfield code="d">1949-</subfield>
      <subfield code="4">ill</subfield>
      <subfield code="e">Ill.</subfield>
    </datafield>
    <datafield ind1="r" ind2=" " tag="925">
      <subfield code="a">ra</subfield>
    </datafield>
  </record>