
  <record>
    <leader>01835pam a2200361 c 4500</leader>
    <controlfield tag="001">973058749</controlfield>
    <controlfield tag="003">DE-101</controlfield>
    <controlfield tag="005">20101118203756.0</controlfield>
    <controlfield tag="007">tu</controlfield>
    <controlfield tag="008">041206s2005    gw |||||r|||| 00||||ger  </controlfield>
    <datafield ind1=" " ind2=" " tag="015">
      <subfield code="a">05,A20,1832</subfield>
      <subfield code="z">05,N01,1390</subfield>
      <subfield code="2">dnb</subfield>
    </datafield>
    <datafield ind1="7" ind2=" " tag="016">
      <subfield code="2">DE-101</subfield>
      <subfield code="a">973058749</subfield>
    </datafield>
    <datafield ind1=" " ind2=" " tag="020">
      <subfield code="a">3865390129</subfield>
      <subfield code="c">Pp. : EUR 12.95</subfield>
      <subfield code="9">3-86539-012-9</subfield>
    </datafield>
    <datafield ind1="3" ind2=" " tag="024">
      <subfield code="a">9783865390127</subfield>
    </datafield>
    <datafield ind1="5" ind2="2" tag="028">
      <subfield code="a">626-00067</subfield>
    </datafield>
    <datafield ind1=" " ind2=" " tag="035">
      <subfield code="a">(DE-599)DNB973058749</subfield>
    </datafield>
    <datafield ind1=" " ind2=" " tag="035">
      <subfield code="a">(OCoLC)254201234</subfield>
    </datafield>
    <datafield ind1=" " ind2=" " tag="040">
      <subfield code="a">1245</subfield>
      <subfield code="b">ger</subfield>
      <subfield code="c">DE-101</subfield>
      <subfield code="d">9999</subfield>
      <subfield code="e">rakwb</subfield>
    </datafield>
    <datafield ind1=" " ind2=" " tag="041">
      <subfield code="a">ger</subfield>
      <subfield code="a">eng</subfield>
      <subfield code="h">eng</subfield>
    </datafield>
    <datafield ind1=" " ind2=" " tag="044">
      <subfield code="c">XA-DE-HE</subfield>
    </datafield>
    <datafield ind1="7" ind2="4" tag="082">
      <subfield code="a">820</subfield>
      <subfield code="a">B</subfield>
      <subfield code="q">DE-101</subfield>
      <subfield code="2">22sdnb</subfield>
    </datafield>
    <datafield ind1=" " ind2=" " tag="084">
      <subfield code="a">820</subfield>
      <subfield code="a">B</subfield>
      <subfield code="q">DE-101</subfield>
      <subfield code="2">sdnb</subfield>
    </datafield>
    <datafield ind1=" " ind2=" " tag="090">
      <subfield code="a">b</subfield>
    </datafield>
    <datafield ind1="1" ind2="0" tag="245">
      <subfield code="a">Beowulf</subfield>
      <subfield code="b">das angelsächsische Heldenepos über nordische Könige ; neue Prosaübersetzung, Originaltext, versgetreue Stabreimfassung</subfield>
      <subfield code="c">übers., kommentiert und mit Anm. vers. von Hans-Jürgen Hube</subfield>
    </datafield>
    <datafield ind1=" " ind2=" " tag="250">
      <subfield code="a">Neu gesetzte und überarb. Ausg.</subfield>
    </datafield>
    <datafield ind1=" " ind2=" " tag="259">
      <subfield code="a">neguuea</subfield>
    </datafield>
    <datafield ind1="3" ind2=" " tag="260">
      <subfield code="a">Wiesbaden</subfield>
      <subfield code="b">Marixverl.</subfield>
      <subfield code="c">2005</subfield>
    </datafield>
    <datafield ind1=" " ind2=" " tag="300">
      <subfield code="a">508 S.</subfield>
      <subfield code="c">21 cm</subfield>
    </datafield>
    <datafield ind1=" " ind2=" " tag="500">
      <subfield code="a">Literaturverz. S. 432 - 440</subfield>
    </datafield>
    <datafield ind1=" " ind2=" " tag="520">
      <subfield code="a">Der Beowulf mit seinen 3182 Stabreimzeilen gehört zu den größten Schätzen der englischen Nationalliteratur und ist zudem das älteste vollständig erhaltene germanische Heldenepos. Es ist um 730 Entstanden, sein Verfasser ist unbekannt. Die mit bewundernswerter Eindringlichkeit und Lebendigkeit erzählte Geschichte gliedert sich in folgende Hauptteile: Das dänische Königsgeschlecht der Schildinge - Beowulfs siegreiche Kämpfe mit dem Ungeheuer Grendel und Grendels Mutter - Beowulfs Heimkehr - Beowulfs Kampf mit dem Drachen - Beowulfs Tod und Bestattung.</subfield>
    </datafield>
    <datafield ind1="1" ind2=" " tag="700">
      <subfield code="0">(DE-588)104827939</subfield>
      <subfield code="0">(DE-101)104827939</subfield>
      <subfield code="a">Hube, Hans-Jürgen</subfield>
      <subfield code="d">1933-2011</subfield>
      <subfield code="4">edt</subfield>
      <subfield code="e">Hrsg.</subfield>
    </datafield>
    <datafield ind1="4" ind2="2" tag="856">
      <subfield code="m">V:DE-604</subfield>
      <subfield code="q">application/pdf</subfield>
      <subfield code="u">http://d-nb.info/973058749/04</subfield>
      <subfield code="3">Inhaltsverzeichnis</subfield>
    </datafield>
    <datafield ind1="r" ind2=" " tag="925">
      <subfield code="a">ra</subfield>
    </datafield>
  </record>