
  <record>
    <leader>04049pam a2200553 c 4500</leader>
    <controlfield tag="001">973122536</controlfield>
    <controlfield tag="003">DE-101</controlfield>
    <controlfield tag="005">20050705235428.0</controlfield>
    <controlfield tag="007">tu</controlfield>
    <controlfield tag="008">041210s2005    gw |||||r|||| 00||||ger  </controlfield>
    <datafield ind1=" " ind2=" " tag="015">
      <subfield code="a">05,A29,1128</subfield>
      <subfield code="z">05,N02,0208</subfield>
      <subfield code="2">dnb</subfield>
    </datafield>
    <datafield ind1="7" ind2=" " tag="016">
      <subfield code="2">DE-101</subfield>
      <subfield code="a">973122536</subfield>
    </datafield>
    <datafield ind1=" " ind2=" " tag="020">
      <subfield code="a">3898214508</subfield>
      <subfield code="c">kart. : EUR 29.90</subfield>
      <subfield code="9">3-89821-450-8</subfield>
    </datafield>
    <datafield ind1="3" ind2=" " tag="024">
      <subfield code="a">9783898214506</subfield>
    </datafield>
    <datafield ind1=" " ind2=" " tag="035">
      <subfield code="a">(DE-599)DNB973122536</subfield>
    </datafield>
    <datafield ind1=" " ind2=" " tag="035">
      <subfield code="a">(OCoLC)76611621</subfield>
    </datafield>
    <datafield ind1=" " ind2=" " tag="040">
      <subfield code="a">1245</subfield>
      <subfield code="b">ger</subfield>
      <subfield code="c">DE-101</subfield>
      <subfield code="d">9999</subfield>
      <subfield code="e">rakwb</subfield>
    </datafield>
    <datafield ind1=" " ind2=" " tag="041">
      <subfield code="a">ger</subfield>
    </datafield>
    <datafield ind1=" " ind2=" " tag="044">
      <subfield code="c">XA-DE-BW</subfield>
    </datafield>
    <datafield ind1="7" ind2="4" tag="082">
      <subfield code="a">650</subfield>
      <subfield code="q">DE-101</subfield>
      <subfield code="2">22sdnb</subfield>
    </datafield>
    <datafield ind1=" " ind2=" " tag="084">
      <subfield code="a">650</subfield>
      <subfield code="q">DE-101</subfield>
      <subfield code="2">sdnb</subfield>
    </datafield>
    <datafield ind1=" " ind2=" " tag="090">
      <subfield code="a">b</subfield>
    </datafield>
    <datafield ind1="1" ind2=" " tag="100">
      <subfield code="0">(DE-588)104919728</subfield>
      <subfield code="0">(DE-101)104919728</subfield>
      <subfield code="a">Waszkewitz, Bernhard</subfield>
      <subfield code="4">aut</subfield>
    </datafield>
    <datafield ind1="1" ind2="0" tag="245">
      <subfield code="a">Was Arbeitsplätze verlangen</subfield>
      <subfield code="b">Anforderungen qualifizierter Aufgaben in Wirtschaft und Verwaltung an die Persönlichkeit der Stelleninhaber</subfield>
      <subfield code="c">Bernhard Waszkewitz</subfield>
    </datafield>
    <datafield ind1="3" ind2=" " tag="260">
      <subfield code="a">Stuttgart</subfield>
      <subfield code="b">Ibidem-Verl.</subfield>
      <subfield code="c">2005</subfield>
    </datafield>
    <datafield ind1=" " ind2=" " tag="300">
      <subfield code="a">129 S.</subfield>
      <subfield code="c">21 cm</subfield>
      <subfield code="e">1 Diskette</subfield>
    </datafield>
    <datafield ind1=" " ind2=" " tag="500">
      <subfield code="a">Literaturverz. S. 73 - 75</subfield>
    </datafield>
    <datafield ind1=" " ind2=" " tag="520">
      <subfield code="a">Immer wieder hört man von Managementfehlern, die Unternehmen in die Pleite führen, nur sehr selten aber spricht jeman darüber, daß es ungeeignete Mitarbeiter sind, die maßgeblich daran beteiligt waren. Sicher, auch das ist dem Management, insbesondere den zuständigen Personalleuten anzulasten. Sie haben immer noch nicht begriffen, daß Eignung und damit Leistungsfähigkeit weitgehend eine Charakter- oder Persönlichkeitsfrage ist. Temperament, persönliche Motive, Begabungen sowie Wissen und Erfahrungen sind entscheidende Voraussetzungen für das Ergebnis vor Ort. Und das gilt ganz besonders für das Temperament als bestimmenden Faktor der inneren und äußeren Abläufe und die Struktur der persönlichen Bedürfnisse als Basis der Motivation und Interessen. Das ist zwar schon seit den umfangreichen Untersuchungen von Cattell und der Forfa (Herwig-Dierks) den Arbeitswissenschaftlern bekannt, ebenso wie man seit jener Zeit weiß, daß fehlende Begabungen wohl die Eignung einschränken, nicht aber vorhandene Begabungen Eignung begründen. Allerdings ist die Persönlichkeit für den Arbeitgeber tabu, denn sie gehört zur vom Grundgesetz geschützten Intimsphäre. Bleibt also nur die Möglichkeit, sich auf die Arbeitsverhaltensperson zu beschränken. Daß aber auch damit schon viel im Kampf gegen den Einsatz ungeeigneter Mitarbeiter, der nur in die Pleite führen kann, getan werden kann, zeigt der Verfasser im vorliegenden Buch auf. Er gibt dem Leser differenzierte und elementare Beschreibungs- und Analysesysteme nebst Hilfsmitteln zur Ergebnisinterpretation an die Hand, die Voraussetzungen für eine systematische und gezielte Personalauswahl sind.</subfield>
    </datafield>
    <datafield ind1=" " ind2="7" tag="650">
      <subfield code="0">(DE-588)4061963-1</subfield>
      <subfield code="0">(DE-101)04061963X</subfield>
      <subfield code="a">Unternehmen</subfield>
      <subfield code="2">gnd</subfield>
    </datafield>
    <datafield ind1=" " ind2="7" tag="650">
      <subfield code="0">(DE-588)4115532-4</subfield>
      <subfield code="0">(DE-101)041155327</subfield>
      <subfield code="a">Personalauswahl</subfield>
      <subfield code="2">gnd</subfield>
    </datafield>
    <datafield ind1=" " ind2="7" tag="650">
      <subfield code="0">(DE-588)4173874-3</subfield>
      <subfield code="0">(DE-101)041738748</subfield>
      <subfield code="a">Persönlichkeitsstruktur</subfield>
      <subfield code="2">gnd</subfield>
    </datafield>
    <datafield ind1=" " ind2="7" tag="650">
      <subfield code="0">(DE-588)4128666-2</subfield>
      <subfield code="0">(DE-101)041286669</subfield>
      <subfield code="a">Arbeitsanforderung</subfield>
      <subfield code="2">gnd</subfield>
    </datafield>
    <datafield ind1=" " ind2="7" tag="650">
      <subfield code="0">(DE-588)4061963-1</subfield>
      <subfield code="0">(DE-101)04061963X</subfield>
      <subfield code="a">Unternehmen</subfield>
      <subfield code="2">gnd</subfield>
    </datafield>
    <datafield ind1=" " ind2="7" tag="650">
      <subfield code="0">(DE-588)4115532-4</subfield>
      <subfield code="0">(DE-101)041155327</subfield>
      <subfield code="a">Personalauswahl</subfield>
      <subfield code="2">gnd</subfield>
    </datafield>
    <datafield ind1=" " ind2="7" tag="650">
      <subfield code="0">(DE-588)4173874-3</subfield>
      <subfield code="0">(DE-101)041738748</subfield>
      <subfield code="a">Persönlichkeitsstruktur</subfield>
      <subfield code="2">gnd</subfield>
    </datafield>
    <datafield ind1=" " ind2="7" tag="650">
      <subfield code="0">(DE-588)4128666-2</subfield>
      <subfield code="0">(DE-101)041286669</subfield>
      <subfield code="a">Arbeitsanforderung</subfield>
      <subfield code="2">gnd</subfield>
    </datafield>
    <datafield ind1=" " ind2="7" tag="655">
      <subfield code="a">Diskette</subfield>
      <subfield code="2">gnd</subfield>
    </datafield>
    <datafield ind1="0" ind2="0" tag="689">
      <subfield code="0">(DE-588)4061963-1</subfield>
      <subfield code="0">(DE-101)04061963X</subfield>
      <subfield code="D">s</subfield>
      <subfield code="a">Unternehmen</subfield>
    </datafield>
    <datafield ind1="0" ind2="1" tag="689">
      <subfield code="0">(DE-588)4115532-4</subfield>
      <subfield code="0">(DE-101)041155327</subfield>
      <subfield code="D">s</subfield>
      <subfield code="a">Personalauswahl</subfield>
    </datafield>
    <datafield ind1="0" ind2="2" tag="689">
      <subfield code="0">(DE-588)4173874-3</subfield>
      <subfield code="0">(DE-101)041738748</subfield>
      <subfield code="D">s</subfield>
      <subfield code="a">Persönlichkeitsstruktur</subfield>
    </datafield>
    <datafield ind1="0" ind2="3" tag="689">
      <subfield code="0">(DE-588)4128666-2</subfield>
      <subfield code="0">(DE-101)041286669</subfield>
      <subfield code="D">s</subfield>
      <subfield code="a">Arbeitsanforderung</subfield>
    </datafield>
    <datafield ind1="0" ind2=" " tag="689">
      <subfield code="5">DE-101</subfield>
      <subfield code="5">DE-101</subfield>
    </datafield>
    <datafield ind1="1" ind2="0" tag="689">
      <subfield code="0">(DE-588)4061963-1</subfield>
      <subfield code="0">(DE-101)04061963X</subfield>
      <subfield code="D">s</subfield>
      <subfield code="a">Unternehmen</subfield>
    </datafield>
    <datafield ind1="1" ind2="1" tag="689">
      <subfield code="0">(DE-588)4115532-4</subfield>
      <subfield code="0">(DE-101)041155327</subfield>
      <subfield code="D">s</subfield>
      <subfield code="a">Personalauswahl</subfield>
    </datafield>
    <datafield ind1="1" ind2="2" tag="689">
      <subfield code="0">(DE-588)4173874-3</subfield>
      <subfield code="0">(DE-101)041738748</subfield>
      <subfield code="D">s</subfield>
      <subfield code="a">Persönlichkeitsstruktur</subfield>
    </datafield>
    <datafield ind1="1" ind2="3" tag="689">
      <subfield code="0">(DE-588)4128666-2</subfield>
      <subfield code="0">(DE-101)041286669</subfield>
      <subfield code="D">s</subfield>
      <subfield code="a">Arbeitsanforderung</subfield>
    </datafield>
    <datafield ind1="1" ind2="4" tag="689">
      <subfield code="A">f</subfield>
      <subfield code="a">Diskette</subfield>
    </datafield>
    <datafield ind1="1" ind2=" " tag="689">
      <subfield code="5">DE-101</subfield>
      <subfield code="5">DE-101</subfield>
    </datafield>
    <datafield ind1="r" ind2=" " tag="925">
      <subfield code="a">ra</subfield>
    </datafield>
  </record>