
  <record>
    <leader>01281nam a2200313 c 4500</leader>
    <controlfield tag="001">973393238</controlfield>
    <controlfield tag="003">DE-101</controlfield>
    <controlfield tag="005">20060823091329.0</controlfield>
    <controlfield tag="007">tu</controlfield>
    <controlfield tag="008">050110s2004    gw |||||r|||| 00||||ger  </controlfield>
    <datafield ind1=" " ind2=" " tag="015">
      <subfield code="a">05,B31,0137</subfield>
      <subfield code="2">dnb</subfield>
    </datafield>
    <datafield ind1="7" ind2=" " tag="016">
      <subfield code="2">DE-101</subfield>
      <subfield code="a">973393238</subfield>
    </datafield>
    <datafield ind1=" " ind2=" " tag="020">
      <subfield code="c">geh.</subfield>
    </datafield>
    <datafield ind1=" " ind2=" " tag="035">
      <subfield code="a">(DE-599)DNB973393238</subfield>
    </datafield>
    <datafield ind1=" " ind2=" " tag="035">
      <subfield code="a">(OCoLC)76644097</subfield>
    </datafield>
    <datafield ind1=" " ind2=" " tag="040">
      <subfield code="a">1230</subfield>
      <subfield code="b">ger</subfield>
      <subfield code="c">DE-101</subfield>
      <subfield code="d">1240</subfield>
      <subfield code="e">rakwb</subfield>
    </datafield>
    <datafield ind1=" " ind2=" " tag="041">
      <subfield code="a">ger</subfield>
    </datafield>
    <datafield ind1=" " ind2=" " tag="044">
      <subfield code="c">XA-DE</subfield>
    </datafield>
    <datafield ind1="7" ind2="4" tag="082">
      <subfield code="a">330</subfield>
      <subfield code="q">DE-101</subfield>
      <subfield code="2">22sdnb</subfield>
    </datafield>
    <datafield ind1=" " ind2=" " tag="084">
      <subfield code="a">330</subfield>
      <subfield code="q">DE-101</subfield>
      <subfield code="2">sdnb</subfield>
    </datafield>
    <datafield ind1=" " ind2=" " tag="090">
      <subfield code="a">b</subfield>
    </datafield>
    <datafield ind1="1" ind2="0" tag="245">
      <subfield code="a">Sinn und Werte in der Wirtschaft</subfield>
      <subfield code="b">wertphilosophische Reflexionen in Wirtschaft und Gesellschaft</subfield>
      <subfield code="c">Süddeutsches Institut für Logotherapie. Autoren: Gert Bangert ... Zsgest. und redigiert von: Otto Zsok und Erich Schechner</subfield>
    </datafield>
    <datafield ind1="3" ind2=" " tag="260">
      <subfield code="a">Fürstenfeldbruck</subfield>
      <subfield code="b">Süddt. Inst. für Logotherapie</subfield>
      <subfield code="c">2004</subfield>
    </datafield>
    <datafield ind1=" " ind2=" " tag="300">
      <subfield code="a">28 S.</subfield>
      <subfield code="c">21 cm</subfield>
    </datafield>
    <datafield ind1="1" ind2=" " tag="490">
      <subfield code="a">Schriftenreihe des Süddeutschen Instituts für Logotherapie</subfield>
      <subfield code="v">H. 1</subfield>
    </datafield>
    <datafield ind1="1" ind2=" " tag="700">
      <subfield code="0">(DE-588)121322696</subfield>
      <subfield code="0">(DE-101)121322696</subfield>
      <subfield code="a">Zsok, Otto</subfield>
      <subfield code="d">1957-</subfield>
      <subfield code="4">edt</subfield>
      <subfield code="e">Hrsg.</subfield>
    </datafield>
    <datafield ind1="1" ind2=" " tag="700">
      <subfield code="0">(DE-588)130091405</subfield>
      <subfield code="0">(DE-101)130091405</subfield>
      <subfield code="a">Bangert, Gert</subfield>
      <subfield code="4">cre</subfield>
    </datafield>
    <datafield ind1="2" ind2=" " tag="810">
      <subfield code="a">Süddeutsches Institut für Logotherapie</subfield>
      <subfield code="g">Fürstenfeldbruck</subfield>
      <subfield code="4">aut</subfield>
      <subfield code="t">Schriftenreihe des Süddeutschen Instituts für Logotherapie</subfield>
      <subfield code="v">H. 1</subfield>
      <subfield code="w">(DE-101)975336681</subfield>
      <subfield code="9">11</subfield>
    </datafield>
    <datafield ind1="r" ind2=" " tag="925">
      <subfield code="a">rb</subfield>
    </datafield>
  </record>