
  <record>
    <leader>00479nam a2200205 c 4500</leader>
    <controlfield tag="001">973911069</controlfield>
    <controlfield tag="003">DE-101</controlfield>
    <controlfield tag="005">20090116110139.0</controlfield>
    <controlfield tag="007">tu</controlfield>
    <controlfield tag="008">050218s1990    xx |||||r|||| 00||||est  </controlfield>
    <datafield ind1="7" ind2=" " tag="016">
      <subfield code="2">DE-101</subfield>
      <subfield code="a">973911069</subfield>
    </datafield>
    <datafield ind1=" " ind2=" " tag="020">
      <subfield code="a">5450007752</subfield>
      <subfield code="9">5-450-00775-2</subfield>
    </datafield>
    <datafield ind1=" " ind2=" " tag="035">
      <subfield code="a">(DE-599)DNB973911069</subfield>
    </datafield>
    <datafield ind1=" " ind2=" " tag="035">
      <subfield code="a">(OCoLC)723245183</subfield>
    </datafield>
    <datafield ind1=" " ind2=" " tag="040">
      <subfield code="a">1140</subfield>
      <subfield code="b">ger</subfield>
      <subfield code="c">DE-101</subfield>
      <subfield code="d">1140</subfield>
    </datafield>
    <datafield ind1=" " ind2=" " tag="041">
      <subfield code="a">est</subfield>
    </datafield>
    <datafield ind1=" " ind2=" " tag="044">
      <subfield code="c">XA-EE</subfield>
    </datafield>
    <datafield ind1="1" ind2="0" tag="245">
      <subfield code="a">Beowulf</subfield>
    </datafield>
    <datafield ind1="3" ind2=" " tag="260">
      <subfield code="a">Tallinn</subfield>
      <subfield code="b">Eesti Raamat</subfield>
      <subfield code="c">1990</subfield>
    </datafield>
    <datafield ind1="r" ind2=" " tag="925">
      <subfield code="a">rg</subfield>
    </datafield>
  </record>