
  <record>
    <leader>01301pam a2200325 c 4500</leader>
    <controlfield tag="001">974565482</controlfield>
    <controlfield tag="003">DE-101</controlfield>
    <controlfield tag="005">20070428203502.0</controlfield>
    <controlfield tag="007">tu</controlfield>
    <controlfield tag="008">050429s2005    sz |||||r|||| 00||||ger  </controlfield>
    <datafield ind1=" " ind2=" " tag="015">
      <subfield code="a">05,B34,0059</subfield>
      <subfield code="z">05,N21,0384</subfield>
      <subfield code="2">dnb</subfield>
    </datafield>
    <datafield ind1="7" ind2=" " tag="016">
      <subfield code="2">DE-101</subfield>
      <subfield code="a">974565482</subfield>
    </datafield>
    <datafield ind1=" " ind2=" " tag="020">
      <subfield code="a">3718470268</subfield>
      <subfield code="c">kart. : sfr 520.00</subfield>
      <subfield code="9">3-7184-7026-8</subfield>
    </datafield>
    <datafield ind1="3" ind2=" " tag="024">
      <subfield code="a">9783718470266</subfield>
    </datafield>
    <datafield ind1=" " ind2=" " tag="035">
      <subfield code="a">(DE-599)DNB974565482</subfield>
    </datafield>
    <datafield ind1=" " ind2=" " tag="035">
      <subfield code="a">(OCoLC)76749477</subfield>
    </datafield>
    <datafield ind1=" " ind2=" " tag="040">
      <subfield code="a">1145</subfield>
      <subfield code="b">ger</subfield>
      <subfield code="c">DE-101</subfield>
      <subfield code="d">9999</subfield>
      <subfield code="e">rakwb</subfield>
    </datafield>
    <datafield ind1=" " ind2=" " tag="041">
      <subfield code="a">ger</subfield>
    </datafield>
    <datafield ind1=" " ind2=" " tag="044">
      <subfield code="c">XA-CH</subfield>
    </datafield>
    <datafield ind1="7" ind2="4" tag="082">
      <subfield code="a">300</subfield>
      <subfield code="a">330</subfield>
      <subfield code="q">DE-101</subfield>
      <subfield code="2">22sdnb</subfield>
    </datafield>
    <datafield ind1=" " ind2=" " tag="084">
      <subfield code="a">300</subfield>
      <subfield code="a">330</subfield>
      <subfield code="q">DE-101</subfield>
      <subfield code="2">sdnb</subfield>
    </datafield>
    <datafield ind1=" " ind2=" " tag="090">
      <subfield code="a">b</subfield>
    </datafield>
    <datafield ind1="1" ind2=" " tag="100">
      <subfield code="0">(DE-588)113145918</subfield>
      <subfield code="0">(DE-101)113145918</subfield>
      <subfield code="a">Frick, Karin</subfield>
      <subfield code="4">aut</subfield>
    </datafield>
    <datafield ind1="1" ind2="0" tag="245">
      <subfield code="a">Generation Gold</subfield>
      <subfield code="b">wie sich Werte, Wünsche und Lebensstile zwischen 50 und 80 verändern</subfield>
      <subfield code="c">Karin Frick. GDI für Wirtschaft und Gesellschaft</subfield>
    </datafield>
    <datafield ind1="3" ind2=" " tag="260">
      <subfield code="a">Rüschlikon</subfield>
      <subfield code="b">GDI</subfield>
      <subfield code="c">2005</subfield>
    </datafield>
    <datafield ind1=" " ind2=" " tag="300">
      <subfield code="a">75 S.</subfield>
      <subfield code="b">Ill., graph. Darst.</subfield>
      <subfield code="c">30 cm</subfield>
    </datafield>
    <datafield ind1="1" ind2=" " tag="490">
      <subfield code="a">GDI-Studie / GDI für Wirtschaft und Gesellschaft</subfield>
      <subfield code="v">Nr. 18</subfield>
    </datafield>
    <datafield ind1="2" ind2=" " tag="810">
      <subfield code="a">Gottlieb-Duttweiler-Institut für Wirtschaft und Gesellschaft</subfield>
      <subfield code="g">Rüschlikon</subfield>
      <subfield code="4">aut</subfield>
      <subfield code="t">GDI-Studie</subfield>
      <subfield code="v">Nr. 18</subfield>
      <subfield code="w">(DE-101)977683400</subfield>
      <subfield code="w">(DE-600)2213219-3</subfield>
      <subfield code="9">218</subfield>
    </datafield>
    <datafield ind1="4" ind2="2" tag="856">
      <subfield code="m">X:MVB</subfield>
      <subfield code="q">text/html</subfield>
      <subfield code="u">https://www.gdi.ch/index.php?43&amp;amp;backPID=43&amp;amp;L=0&amp;amp;tt_products=83&amp;amp;L=0</subfield>
      <subfield code="3">Kurzbeschreibung</subfield>
    </datafield>
    <datafield ind1="r" ind2=" " tag="925">
      <subfield code="a">rb</subfield>
    </datafield>
  </record>