
  <record>
    <leader>01744pam a2200445 c 4500</leader>
    <controlfield tag="001">974661325</controlfield>
    <controlfield tag="003">DE-101</controlfield>
    <controlfield tag="005">20120502111151.0</controlfield>
    <controlfield tag="007">tu</controlfield>
    <controlfield tag="008">050502s2005    gw |||||r|||| 00||||ger  </controlfield>
    <datafield ind1=" " ind2=" " tag="015">
      <subfield code="a">06,A02,2219</subfield>
      <subfield code="z">05,N21,2230</subfield>
      <subfield code="2">dnb</subfield>
    </datafield>
    <datafield ind1="7" ind2=" " tag="016">
      <subfield code="2">DE-101</subfield>
      <subfield code="a">974661325</subfield>
    </datafield>
    <datafield ind1=" " ind2=" " tag="020">
      <subfield code="a">3935048033</subfield>
      <subfield code="c">kart. : EUR 5.00 (DE), EUR 5.00 (AT)</subfield>
      <subfield code="9">3-935048-03-3</subfield>
    </datafield>
    <datafield ind1="3" ind2=" " tag="024">
      <subfield code="a">9783935048033</subfield>
    </datafield>
    <datafield ind1=" " ind2=" " tag="035">
      <subfield code="a">(DE-599)DNB974661325</subfield>
    </datafield>
    <datafield ind1=" " ind2=" " tag="035">
      <subfield code="a">(OCoLC)181451174</subfield>
    </datafield>
    <datafield ind1=" " ind2=" " tag="040">
      <subfield code="a">1245</subfield>
      <subfield code="b">ger</subfield>
      <subfield code="c">DE-101</subfield>
      <subfield code="d">1240</subfield>
      <subfield code="e">rakwb</subfield>
    </datafield>
    <datafield ind1=" " ind2=" " tag="041">
      <subfield code="a">ger</subfield>
    </datafield>
    <datafield ind1=" " ind2=" " tag="044">
      <subfield code="c">XA-DE-BW</subfield>
    </datafield>
    <datafield ind1="7" ind2="4" tag="082">
      <subfield code="a">914.3</subfield>
      <subfield code="q">DE-101</subfield>
      <subfield code="2">22sdnb</subfield>
    </datafield>
    <datafield ind1=" " ind2=" " tag="084">
      <subfield code="a">914.3</subfield>
      <subfield code="q">DE-101</subfield>
      <subfield code="2">sdnb</subfield>
    </datafield>
    <datafield ind1=" " ind2=" " tag="090">
      <subfield code="a">b</subfield>
    </datafield>
    <datafield ind1="1" ind2="0" tag="245">
      <subfield code="a">Freiburg im Breisgau</subfield>
      <subfield code="b">ein Führer zu den wichtigsten Sehenswürdigkeiten der Stadt</subfield>
      <subfield code="c">von Peter Kalchthaler. Mit Fotos von Karl-Heinz Raach</subfield>
    </datafield>
    <datafield ind1=" " ind2=" " tag="250">
      <subfield code="a">Dt. Ausg., 1. Aufl.</subfield>
    </datafield>
    <datafield ind1=" " ind2=" " tag="259">
      <subfield code="a">11</subfield>
    </datafield>
    <datafield ind1="3" ind2=" " tag="260">
      <subfield code="a">Sölden</subfield>
      <subfield code="b">Foto-Ed.-Raach</subfield>
      <subfield code="c">2005</subfield>
    </datafield>
    <datafield ind1=" " ind2=" " tag="300">
      <subfield code="a">80 S.</subfield>
      <subfield code="b">überw. Ill.</subfield>
      <subfield code="c">21 cm</subfield>
    </datafield>
    <datafield ind1=" " ind2="7" tag="651">
      <subfield code="0">(DE-588)4018272-1</subfield>
      <subfield code="0">(DE-101)04018272X</subfield>
      <subfield code="a">Freiburg im Breisgau</subfield>
      <subfield code="2">gnd</subfield>
    </datafield>
    <datafield ind1=" " ind2="7" tag="655">
      <subfield code="a">Führer</subfield>
      <subfield code="2">gnd</subfield>
    </datafield>
    <datafield ind1="0" ind2="0" tag="689">
      <subfield code="0">(DE-588)4018272-1</subfield>
      <subfield code="0">(DE-101)04018272X</subfield>
      <subfield code="D">g</subfield>
      <subfield code="a">Freiburg im Breisgau</subfield>
    </datafield>
    <datafield ind1="0" ind2="1" tag="689">
      <subfield code="A">f</subfield>
      <subfield code="a">Führer</subfield>
    </datafield>
    <datafield ind1="0" ind2=" " tag="689">
      <subfield code="5">DE-101</subfield>
      <subfield code="5">DE-101</subfield>
    </datafield>
    <datafield ind1="1" ind2=" " tag="700">
      <subfield code="0">(DE-588)120640031</subfield>
      <subfield code="0">(DE-101)120640031</subfield>
      <subfield code="a">Kalchthaler, Peter</subfield>
      <subfield code="d">1956-</subfield>
      <subfield code="4">cre</subfield>
    </datafield>
    <datafield ind1="1" ind2=" " tag="700">
      <subfield code="0">(DE-588)118825992</subfield>
      <subfield code="0">(DE-101)118825992</subfield>
      <subfield code="a">Raach, Karl-Heinz</subfield>
      <subfield code="d">1959-</subfield>
      <subfield code="4">cre</subfield>
    </datafield>
    <datafield ind1="0" ind2="8" tag="775">
      <subfield code="i">Engl. Ausg. u.d.T.:</subfield>
      <subfield code="t">Freiburg im Breisgau</subfield>
      <subfield code="w">(DE-101)974664480</subfield>
    </datafield>
    <datafield ind1="0" ind2="8" tag="775">
      <subfield code="i">Franz. Ausg. u.d.T.:</subfield>
      <subfield code="t">Fribourg en-Brisgau</subfield>
      <subfield code="w">(DE-101)974663751</subfield>
    </datafield>
    <datafield ind1="0" ind2="8" tag="775">
      <subfield code="i">Ital. Ausg. u.d.T.:</subfield>
      <subfield code="t">Friburgo in Brisgovia</subfield>
      <subfield code="w">(DE-101)974663212</subfield>
    </datafield>
    <datafield ind1="0" ind2="8" tag="775">
      <subfield code="i">Niederländ. Ausg. u.d.T.:</subfield>
      <subfield code="t">Freiburg in het Breisgau</subfield>
      <subfield code="w">(DE-101)978574583</subfield>
    </datafield>
    <datafield ind1="0" ind2="8" tag="775">
      <subfield code="i">Span. Ausg. u.d.T.:</subfield>
      <subfield code="t">Friburgo de Brisgovia</subfield>
      <subfield code="w">(DE-101)974664472</subfield>
    </datafield>
    <datafield ind1="r" ind2=" " tag="925">
      <subfield code="a">ra</subfield>
    </datafield>
  </record>