
  <record>
    <leader>00918nom a2200241 ca4500</leader>
    <controlfield tag="001">974964506</controlfield>
    <controlfield tag="003">DE-101</controlfield>
    <controlfield tag="005">20070403131351.0</controlfield>
    <controlfield tag="007">ou</controlfield>
    <controlfield tag="008">050519s        gw ||||||||||  ||||||||  </controlfield>
    <datafield ind1="7" ind2=" " tag="016">
      <subfield code="2">DE-101</subfield>
      <subfield code="a">974964506</subfield>
    </datafield>
    <datafield ind1=" " ind2=" " tag="020">
      <subfield code="a">3190129576</subfield>
      <subfield code="9">3-19-012957-6</subfield>
    </datafield>
    <datafield ind1=" " ind2=" " tag="035">
      <subfield code="a">(DE-599)DNB974964506</subfield>
    </datafield>
    <datafield ind1=" " ind2=" " tag="035">
      <subfield code="a">(OCoLC)615556243</subfield>
    </datafield>
    <datafield ind1=" " ind2=" " tag="040">
      <subfield code="a">1240</subfield>
      <subfield code="b">ger</subfield>
      <subfield code="c">DE-101</subfield>
      <subfield code="d">1250</subfield>
      <subfield code="e">rakwb</subfield>
    </datafield>
    <datafield ind1=" " ind2=" " tag="044">
      <subfield code="c">XA-DE</subfield>
    </datafield>
    <datafield ind1="7" ind2="4" tag="082">
      <subfield code="a">S</subfield>
      <subfield code="q">DE-101</subfield>
      <subfield code="2">22sdnb</subfield>
    </datafield>
    <datafield ind1=" " ind2=" " tag="084">
      <subfield code="a">S</subfield>
      <subfield code="q">DE-101</subfield>
      <subfield code="2">sdnb</subfield>
    </datafield>
    <datafield ind1="1" ind2="0" tag="245">
      <subfield code="a">The hound of the Baskervilles</subfield>
      <subfield code="h">[Medienkombination]</subfield>
      <subfield code="b">with extra exercises and audio CD</subfield>
      <subfield code="c">Arthur Conan Doyle. Retold by Stephen Colbourn</subfield>
    </datafield>
    <datafield ind1="3" ind2=" " tag="260">
      <subfield code="a">[Ismaning]</subfield>
      <subfield code="b">Hueber</subfield>
    </datafield>
    <datafield ind1=" " ind2=" " tag="500">
      <subfield code="a">Vom Verl. Macmillan, Oxford, übernommene Ausg. - Auch als: Macmillan readers : 3, elementary level</subfield>
    </datafield>
    <datafield ind1="1" ind2=" " tag="700">
      <subfield code="0">(DE-588)11852710X</subfield>
      <subfield code="0">(DE-101)11852710X</subfield>
      <subfield code="a">Doyle, Arthur Conan</subfield>
      <subfield code="d">1859-1930</subfield>
      <subfield code="4">cre</subfield>
    </datafield>
    <datafield ind1="1" ind2=" " tag="700">
      <subfield code="0">(DE-588)11816824X</subfield>
      <subfield code="0">(DE-101)11816824X</subfield>
      <subfield code="a">Colbourn, Stephen</subfield>
      <subfield code="4">cre</subfield>
    </datafield>
  </record>