
  <record>
    <leader>01771pim a2200433 c 4500</leader>
    <controlfield tag="001">975093363</controlfield>
    <controlfield tag="003">DE-101</controlfield>
    <controlfield tag="005">20070611110926.0</controlfield>
    <controlfield tag="007">s|||||||||||||</controlfield>
    <controlfield tag="007">co||||||||||||</controlfield>
    <controlfield tag="008">050531s2005    gw |||||q|||||||||||ger  </controlfield>
    <datafield ind1=" " ind2=" " tag="015">
      <subfield code="a">05,A51,2575</subfield>
      <subfield code="z">05,N26,1895</subfield>
      <subfield code="2">dnb</subfield>
    </datafield>
    <datafield ind1="7" ind2=" " tag="016">
      <subfield code="2">DE-101</subfield>
      <subfield code="a">975093363</subfield>
    </datafield>
    <datafield ind1=" " ind2=" " tag="020">
      <subfield code="a">3865360424 (CD)</subfield>
      <subfield code="c"> : EUR 4.99 (freier Pr.)</subfield>
      <subfield code="9">3-86536-042-4</subfield>
    </datafield>
    <datafield ind1=" " ind2=" " tag="020">
      <subfield code="a">3865360416 (Tonkassette)</subfield>
      <subfield code="c"> : EUR 3.99 (freier Pr.)</subfield>
      <subfield code="9">3-86536-041-6</subfield>
    </datafield>
    <datafield ind1="3" ind2=" " tag="024">
      <subfield code="a">9783865360427</subfield>
    </datafield>
    <datafield ind1="5" ind2="2" tag="028">
      <subfield code="a">Best.-Nr. 82876 66943 2</subfield>
    </datafield>
    <datafield ind1=" " ind2=" " tag="035">
      <subfield code="a">(DE-599)DNB975093363</subfield>
    </datafield>
    <datafield ind1=" " ind2=" " tag="035">
      <subfield code="a">(OCoLC)723081135</subfield>
    </datafield>
    <datafield ind1=" " ind2=" " tag="040">
      <subfield code="a">1245</subfield>
      <subfield code="b">ger</subfield>
      <subfield code="c">DE-101</subfield>
      <subfield code="d">1240</subfield>
      <subfield code="e">rakwb</subfield>
    </datafield>
    <datafield ind1=" " ind2=" " tag="041">
      <subfield code="a">ger</subfield>
    </datafield>
    <datafield ind1=" " ind2=" " tag="044">
      <subfield code="c">XA-DE-HH</subfield>
    </datafield>
    <datafield ind1="7" ind2="4" tag="082">
      <subfield code="a">810</subfield>
      <subfield code="a">B</subfield>
      <subfield code="q">DE-101</subfield>
      <subfield code="2">22sdnb</subfield>
    </datafield>
    <datafield ind1=" " ind2=" " tag="084">
      <subfield code="a">810</subfield>
      <subfield code="a">B</subfield>
      <subfield code="q">DE-101</subfield>
      <subfield code="2">sdnb</subfield>
    </datafield>
    <datafield ind1="1" ind2="0" tag="245">
      <subfield code="a">Ben Hur</subfield>
      <subfield code="h">[Tonträger]</subfield>
      <subfield code="b">ein Hörspiel nach dem Roman von Lew Wallace</subfield>
      <subfield code="c">Bearb.: Peter Folken. Regie: Konrad Halver. Der Chronist - Joachim Rake ; Drusus - René Genesis ; Messala - Peter von Schultz ...</subfield>
    </datafield>
    <datafield ind1=" " ind2=" " tag="250">
      <subfield code="a">Limitierte Aufl.</subfield>
    </datafield>
    <datafield ind1=" " ind2=" " tag="259">
      <subfield code="a">lia</subfield>
    </datafield>
    <datafield ind1="3" ind2=" " tag="260">
      <subfield code="a">[München]</subfield>
      <subfield code="b">BMG</subfield>
      <subfield code="c">2005</subfield>
    </datafield>
    <datafield ind1=" " ind2=" " tag="300">
      <subfield code="a">1 CD</subfield>
      <subfield code="b">stereo, ADD</subfield>
      <subfield code="c">12 cm</subfield>
    </datafield>
    <datafield ind1="1" ind2=" " tag="490">
      <subfield code="a">Europa - die Originale</subfield>
      <subfield code="v">3</subfield>
    </datafield>
    <datafield ind1=" " ind2=" " tag="500">
      <subfield code="a">Aufnahmejahr: 1971</subfield>
    </datafield>
    <datafield ind1="1" ind2=" " tag="700">
      <subfield code="0">(DE-588)11926708X</subfield>
      <subfield code="0">(DE-101)11926708X</subfield>
      <subfield code="a">Wallace, Lew</subfield>
      <subfield code="d">1827-1905</subfield>
      <subfield code="4">cre</subfield>
    </datafield>
    <datafield ind1="1" ind2=" " tag="700">
      <subfield code="0">(DE-588)108102300</subfield>
      <subfield code="0">(DE-101)108102300</subfield>
      <subfield code="a">Folken, Peter</subfield>
      <subfield code="d">1931-2002</subfield>
      <subfield code="4">cre</subfield>
    </datafield>
    <datafield ind1="1" ind2=" " tag="700">
      <subfield code="0">(DE-588)108349233</subfield>
      <subfield code="0">(DE-101)108349233</subfield>
      <subfield code="a">Halver, Konrad</subfield>
      <subfield code="d">1944-2012</subfield>
      <subfield code="4">cre</subfield>
    </datafield>
    <datafield ind1="1" ind2=" " tag="700">
      <subfield code="0">(DE-588)130073601</subfield>
      <subfield code="0">(DE-101)130073601</subfield>
      <subfield code="a">Rake, Joachim</subfield>
      <subfield code="d">1912-2000</subfield>
      <subfield code="4">cre</subfield>
    </datafield>
    <datafield ind1="1" ind2=" " tag="700">
      <subfield code="0">(DE-588)110524616</subfield>
      <subfield code="0">(DE-101)110524616</subfield>
      <subfield code="a">Genesis, René</subfield>
      <subfield code="4">cre</subfield>
    </datafield>
    <datafield ind1="1" ind2=" " tag="700">
      <subfield code="0">(DE-588)130518638</subfield>
      <subfield code="0">(DE-101)130518638</subfield>
      <subfield code="a">Schultz, Peter von</subfield>
      <subfield code="4">cre</subfield>
    </datafield>
    <datafield ind1=" " ind2="0" tag="830">
      <subfield code="a">Europa - die Originale</subfield>
      <subfield code="v">3</subfield>
      <subfield code="w">(DE-101)977049183</subfield>
      <subfield code="w">(DE-600)2364061-3</subfield>
      <subfield code="9">13</subfield>
    </datafield>
    <datafield ind1="r" ind2=" " tag="925">
      <subfield code="a">ra</subfield>
    </datafield>
  </record>