
  <record>
    <leader>01881nom a2200433 ca4500</leader>
    <controlfield tag="001">976181592</controlfield>
    <controlfield tag="003">DE-101</controlfield>
    <controlfield tag="005">20090310125838.0</controlfield>
    <controlfield tag="007">ou</controlfield>
    <controlfield tag="008">050829s        gw ||||||||||  ||||||||  </controlfield>
    <datafield ind1="7" ind2=" " tag="016">
      <subfield code="2">DE-101</subfield>
      <subfield code="a">976181592</subfield>
    </datafield>
    <datafield ind1=" " ind2=" " tag="035">
      <subfield code="a">(DE-599)DNB976181592</subfield>
    </datafield>
    <datafield ind1=" " ind2=" " tag="040">
      <subfield code="a">1240</subfield>
      <subfield code="b">ger</subfield>
      <subfield code="c">DE-101</subfield>
      <subfield code="d">1250</subfield>
      <subfield code="e">rakwb</subfield>
    </datafield>
    <datafield ind1=" " ind2=" " tag="044">
      <subfield code="c">XA-DE-BY</subfield>
    </datafield>
    <datafield ind1="0" ind2="4" tag="082">
      <subfield code="8">1\x</subfield>
      <subfield code="a">658.85</subfield>
      <subfield code="q">DE-101</subfield>
      <subfield code="2">22/ger</subfield>
    </datafield>
    <datafield ind1="7" ind2=" " tag="083">
      <subfield code="a">650</subfield>
      <subfield code="q">DE-101</subfield>
      <subfield code="2">22sdnb</subfield>
    </datafield>
    <datafield ind1=" " ind2=" " tag="084">
      <subfield code="a">650</subfield>
      <subfield code="q">DE-101</subfield>
      <subfield code="2">sdnb</subfield>
    </datafield>
    <datafield ind1=" " ind2=" " tag="085">
      <subfield code="8">1\x</subfield>
      <subfield code="b">658.85</subfield>
    </datafield>
    <datafield ind1="1" ind2="0" tag="245">
      <subfield code="a">Mit Persönlichkeit zum Verkaufserfolg</subfield>
      <subfield code="h">[Medienkombination]</subfield>
      <subfield code="b">der Weg zum Meisterverkäufer ; mit Audio-CD "Sei du selbst!"</subfield>
      <subfield code="c">Nikolaus B. Enkelmann</subfield>
    </datafield>
    <datafield ind1="3" ind2=" " tag="260">
      <subfield code="a">Regensburg</subfield>
      <subfield code="b">Walhalla-Fachverl.</subfield>
    </datafield>
    <datafield ind1="0" ind2=" " tag="490">
      <subfield code="a">Wirtschaft</subfield>
    </datafield>
    <datafield ind1=" " ind2="7" tag="650">
      <subfield code="0">(DE-588)4126928-7</subfield>
      <subfield code="0">(DE-101)041269284</subfield>
      <subfield code="a">Verkäufer</subfield>
      <subfield code="2">gnd</subfield>
    </datafield>
    <datafield ind1=" " ind2="7" tag="650">
      <subfield code="0">(DE-588)4045242-6</subfield>
      <subfield code="0">(DE-101)040452425</subfield>
      <subfield code="a">Persönlichkeit</subfield>
      <subfield code="2">gnd</subfield>
    </datafield>
    <datafield ind1=" " ind2="7" tag="650">
      <subfield code="0">(DE-588)4354765-5</subfield>
      <subfield code="0">(DE-101)942581415</subfield>
      <subfield code="a">Verkaufserfolg</subfield>
      <subfield code="2">gnd</subfield>
    </datafield>
    <datafield ind1=" " ind2="7" tag="650">
      <subfield code="0">(DE-588)4126928-7</subfield>
      <subfield code="0">(DE-101)041269284</subfield>
      <subfield code="a">Verkäufer</subfield>
      <subfield code="2">gnd</subfield>
    </datafield>
    <datafield ind1=" " ind2="7" tag="650">
      <subfield code="0">(DE-588)4045242-6</subfield>
      <subfield code="0">(DE-101)040452425</subfield>
      <subfield code="a">Persönlichkeit</subfield>
      <subfield code="2">gnd</subfield>
    </datafield>
    <datafield ind1=" " ind2="7" tag="650">
      <subfield code="0">(DE-588)4354765-5</subfield>
      <subfield code="0">(DE-101)942581415</subfield>
      <subfield code="a">Verkaufserfolg</subfield>
      <subfield code="2">gnd</subfield>
    </datafield>
    <datafield ind1=" " ind2="7" tag="655">
      <subfield code="a">CD</subfield>
      <subfield code="2">gnd</subfield>
    </datafield>
    <datafield ind1="0" ind2="0" tag="689">
      <subfield code="0">(DE-588)4126928-7</subfield>
      <subfield code="0">(DE-101)041269284</subfield>
      <subfield code="D">s</subfield>
      <subfield code="a">Verkäufer</subfield>
    </datafield>
    <datafield ind1="0" ind2="1" tag="689">
      <subfield code="0">(DE-588)4045242-6</subfield>
      <subfield code="0">(DE-101)040452425</subfield>
      <subfield code="D">s</subfield>
      <subfield code="a">Persönlichkeit</subfield>
    </datafield>
    <datafield ind1="0" ind2="2" tag="689">
      <subfield code="0">(DE-588)4354765-5</subfield>
      <subfield code="0">(DE-101)942581415</subfield>
      <subfield code="D">s</subfield>
      <subfield code="a">Verkaufserfolg</subfield>
    </datafield>
    <datafield ind1="0" ind2=" " tag="689">
      <subfield code="5">DE-101</subfield>
      <subfield code="5">DE-101</subfield>
    </datafield>
    <datafield ind1="1" ind2="0" tag="689">
      <subfield code="0">(DE-588)4126928-7</subfield>
      <subfield code="0">(DE-101)041269284</subfield>
      <subfield code="D">s</subfield>
      <subfield code="a">Verkäufer</subfield>
    </datafield>
    <datafield ind1="1" ind2="1" tag="689">
      <subfield code="0">(DE-588)4045242-6</subfield>
      <subfield code="0">(DE-101)040452425</subfield>
      <subfield code="D">s</subfield>
      <subfield code="a">Persönlichkeit</subfield>
    </datafield>
    <datafield ind1="1" ind2="2" tag="689">
      <subfield code="0">(DE-588)4354765-5</subfield>
      <subfield code="0">(DE-101)942581415</subfield>
      <subfield code="D">s</subfield>
      <subfield code="a">Verkaufserfolg</subfield>
    </datafield>
    <datafield ind1="1" ind2="3" tag="689">
      <subfield code="A">f</subfield>
      <subfield code="a">CD</subfield>
    </datafield>
    <datafield ind1="1" ind2=" " tag="689">
      <subfield code="5">DE-101</subfield>
      <subfield code="5">DE-101</subfield>
    </datafield>
    <datafield ind1="1" ind2=" " tag="700">
      <subfield code="0">(DE-588)120635895</subfield>
      <subfield code="0">(DE-101)120635895</subfield>
      <subfield code="a">Enkelmann, Nikolaus B.</subfield>
      <subfield code="d">1936-</subfield>
      <subfield code="4">cre</subfield>
    </datafield>
    <datafield ind1="4" ind2="2" tag="856">
      <subfield code="m">X:MVB</subfield>
      <subfield code="q">text/html</subfield>
      <subfield code="u">http://deposit.ddb.de/cgi-bin/dokserv?id=2659533&amp;prov=M&amp;dok_var=1&amp;dok_ext=htm</subfield>
      <subfield code="3">Inhaltstext</subfield>
    </datafield>
  </record>