
  <record>
    <leader>00947nam a2200277 cc4500</leader>
    <controlfield tag="001">976196115</controlfield>
    <controlfield tag="003">DE-101</controlfield>
    <controlfield tag="005">20100213131648.0</controlfield>
    <controlfield tag="007">tu</controlfield>
    <controlfield tag="008">050830s2003    xxu|||||r|||| 00||||eng  </controlfield>
    <datafield ind1="7" ind2=" " tag="016">
      <subfield code="2">DE-101</subfield>
      <subfield code="a">976196115</subfield>
    </datafield>
    <datafield ind1=" " ind2=" " tag="020">
      <subfield code="a">0471176699</subfield>
      <subfield code="9">0-471-17669-9</subfield>
    </datafield>
    <datafield ind1=" " ind2=" " tag="020">
      <subfield code="a">0471384046</subfield>
      <subfield code="c">Pp.</subfield>
      <subfield code="9">0-471-38404-6</subfield>
    </datafield>
    <datafield ind1=" " ind2=" " tag="035">
      <subfield code="a">(DE-599)DNB976196115</subfield>
    </datafield>
    <datafield ind1=" " ind2=" " tag="035">
      <subfield code="a">(OCoLC)723419710</subfield>
    </datafield>
    <datafield ind1=" " ind2=" " tag="040">
      <subfield code="a">1240</subfield>
      <subfield code="b">ger</subfield>
      <subfield code="c">DE-101</subfield>
      <subfield code="d">9999</subfield>
      <subfield code="e">rakwb</subfield>
    </datafield>
    <datafield ind1=" " ind2=" " tag="041">
      <subfield code="a">eng</subfield>
    </datafield>
    <datafield ind1=" " ind2=" " tag="044">
      <subfield code="c">XD-US</subfield>
    </datafield>
    <datafield ind1="7" ind2="4" tag="082">
      <subfield code="q">DE-101</subfield>
      <subfield code="2">22sdnb</subfield>
    </datafield>
    <datafield ind1=" " ind2=" " tag="090">
      <subfield code="a">b</subfield>
    </datafield>
    <datafield ind1="1" ind2="0" tag="245">
      <subfield code="a">Handbook of psychology</subfield>
      <subfield code="n">Vol. 5.</subfield>
      <subfield code="p">Personality and social psychology / Theodore Millon ; Melvin J. Lerner, vol. ed.</subfield>
      <subfield code="c">Irving B. Weiner, ed.-in-chief</subfield>
    </datafield>
    <datafield ind1="3" ind2=" " tag="260">
      <subfield code="a">Hoboken, NJ</subfield>
      <subfield code="b">Wiley</subfield>
      <subfield code="c">2003</subfield>
    </datafield>
    <datafield ind1=" " ind2=" " tag="300">
      <subfield code="a">XIX, 668 S.</subfield>
    </datafield>
    <datafield ind1="1" ind2=" " tag="700">
      <subfield code="0">(DE-588)120879476</subfield>
      <subfield code="0">(DE-101)120879476</subfield>
      <subfield code="a">Millon, Theodore</subfield>
      <subfield code="d">1929-</subfield>
      <subfield code="4">edt</subfield>
      <subfield code="e">Hrsg.</subfield>
    </datafield>
    <datafield ind1="0" ind2="8" tag="773">
      <subfield code="q">15</subfield>
      <subfield code="w">(DE-101)976195763</subfield>
    </datafield>
    <datafield ind1="4" ind2="2" tag="856">
      <subfield code="m">V:DE-603</subfield>
      <subfield code="q">application/pdf</subfield>
      <subfield code="u">http://d-nb.info/976196115/04</subfield>
      <subfield code="3">Inhaltsverzeichnis</subfield>
    </datafield>
  </record>