
  <record>
    <leader>01769pam a2200421 c 4500</leader>
    <controlfield tag="001">97643332X</controlfield>
    <controlfield tag="003">DE-101</controlfield>
    <controlfield tag="005">20090721161209.0</controlfield>
    <controlfield tag="007">tu</controlfield>
    <controlfield tag="008">050920s2005    gw |||||r|||| 00||||ger  </controlfield>
    <datafield ind1=" " ind2=" " tag="015">
      <subfield code="a">06,A08,0553</subfield>
      <subfield code="z">05,N41,0522</subfield>
      <subfield code="2">dnb</subfield>
    </datafield>
    <datafield ind1="7" ind2=" " tag="016">
      <subfield code="2">DE-101</subfield>
      <subfield code="a">97643332X</subfield>
    </datafield>
    <datafield ind1=" " ind2=" " tag="020">
      <subfield code="a">3935979630</subfield>
      <subfield code="c">kart. : EUR 24.90</subfield>
      <subfield code="9">3-935979-63-0</subfield>
    </datafield>
    <datafield ind1="3" ind2=" " tag="024">
      <subfield code="a">9783935979634</subfield>
    </datafield>
    <datafield ind1=" " ind2=" " tag="035">
      <subfield code="a">(DE-599)DNB97643332X</subfield>
    </datafield>
    <datafield ind1=" " ind2=" " tag="035">
      <subfield code="a">(OCoLC)179825740</subfield>
    </datafield>
    <datafield ind1=" " ind2=" " tag="040">
      <subfield code="a">1245</subfield>
      <subfield code="b">ger</subfield>
      <subfield code="c">DE-101</subfield>
      <subfield code="d">1240</subfield>
      <subfield code="e">rakwb</subfield>
    </datafield>
    <datafield ind1=" " ind2=" " tag="041">
      <subfield code="a">ger</subfield>
    </datafield>
    <datafield ind1=" " ind2=" " tag="044">
      <subfield code="c">XA-DE-HE</subfield>
    </datafield>
    <datafield ind1="7" ind2="4" tag="082">
      <subfield code="a">360</subfield>
      <subfield code="a">150</subfield>
      <subfield code="q">DE-101</subfield>
      <subfield code="2">22sdnb</subfield>
    </datafield>
    <datafield ind1=" " ind2=" " tag="084">
      <subfield code="a">360</subfield>
      <subfield code="a">150</subfield>
      <subfield code="q">DE-101</subfield>
      <subfield code="2">sdnb</subfield>
    </datafield>
    <datafield ind1=" " ind2=" " tag="090">
      <subfield code="a">b</subfield>
    </datafield>
    <datafield ind1="1" ind2=" " tag="100">
      <subfield code="0">(DE-588)109456440</subfield>
      <subfield code="0">(DE-101)109456440</subfield>
      <subfield code="a">Müller, Silvia</subfield>
      <subfield code="4">aut</subfield>
    </datafield>
    <datafield ind1="1" ind2="0" tag="245">
      <subfield code="a">Täterverhalten und Persönlichkeit</subfield>
      <subfield code="b">eine empirische Studie zur Anwendbarkeit der Tathergangsanalyse in der forensischen Psychologie und Psychiatrie</subfield>
      <subfield code="c">Silvia Müller, Denis Köhler &amp; Günter Hinrichs</subfield>
    </datafield>
    <datafield ind1="3" ind2=" " tag="260">
      <subfield code="a">Frankfurt [Main]</subfield>
      <subfield code="b">Verl. für Polizeiwiss. Lorei</subfield>
      <subfield code="c">2005</subfield>
    </datafield>
    <datafield ind1=" " ind2=" " tag="300">
      <subfield code="a">345 S.</subfield>
      <subfield code="c">21 cm</subfield>
    </datafield>
    <datafield ind1="0" ind2=" " tag="490">
      <subfield code="a">Schriftenreihe Polizei &amp; Wissenschaft</subfield>
    </datafield>
    <datafield ind1=" " ind2=" " tag="500">
      <subfield code="a">Literaturverz. S. 289 - 305</subfield>
    </datafield>
    <datafield ind1=" " ind2="7" tag="650">
      <subfield code="0">(DE-588)7548425-0</subfield>
      <subfield code="0">(DE-101)981789110</subfield>
      <subfield code="a">Täterprofil</subfield>
      <subfield code="2">gnd</subfield>
    </datafield>
    <datafield ind1=" " ind2="7" tag="650">
      <subfield code="0">(DE-588)4285879-3</subfield>
      <subfield code="0">(DE-101)042858798</subfield>
      <subfield code="a">Tatrekonstruktion</subfield>
      <subfield code="2">gnd</subfield>
    </datafield>
    <datafield ind1=" " ind2="7" tag="650">
      <subfield code="0">(DE-588)4131534-0</subfield>
      <subfield code="0">(DE-101)041315340</subfield>
      <subfield code="a">Gerichtliche Psychologie</subfield>
      <subfield code="2">gnd</subfield>
    </datafield>
    <datafield ind1="0" ind2="0" tag="689">
      <subfield code="0">(DE-588)7548425-0</subfield>
      <subfield code="0">(DE-101)981789110</subfield>
      <subfield code="D">s</subfield>
      <subfield code="a">Täterprofil</subfield>
    </datafield>
    <datafield ind1="0" ind2="1" tag="689">
      <subfield code="0">(DE-588)4285879-3</subfield>
      <subfield code="0">(DE-101)042858798</subfield>
      <subfield code="D">s</subfield>
      <subfield code="a">Tatrekonstruktion</subfield>
    </datafield>
    <datafield ind1="0" ind2="2" tag="689">
      <subfield code="0">(DE-588)4131534-0</subfield>
      <subfield code="0">(DE-101)041315340</subfield>
      <subfield code="D">s</subfield>
      <subfield code="a">Gerichtliche Psychologie</subfield>
    </datafield>
    <datafield ind1="0" ind2=" " tag="689">
      <subfield code="5">DE-101</subfield>
      <subfield code="5">DE-101</subfield>
    </datafield>
    <datafield ind1="1" ind2=" " tag="700">
      <subfield code="0">(DE-588)129597899</subfield>
      <subfield code="0">(DE-101)129597899</subfield>
      <subfield code="a">Köhler, Denis</subfield>
      <subfield code="d">1973-</subfield>
      <subfield code="4">aut</subfield>
    </datafield>
    <datafield ind1="1" ind2=" " tag="700">
      <subfield code="0">(DE-588)13872928X</subfield>
      <subfield code="0">(DE-101)13872928X</subfield>
      <subfield code="a">Hinrichs, Günter</subfield>
      <subfield code="d">1950-</subfield>
      <subfield code="4">aut</subfield>
    </datafield>
    <datafield ind1="r" ind2=" " tag="925">
      <subfield code="a">ra</subfield>
    </datafield>
  </record>