
  <record>
    <leader>02595nam a2200613 c 4500</leader>
    <controlfield tag="001">976985500</controlfield>
    <controlfield tag="003">DE-101</controlfield>
    <controlfield tag="005">20070429033840.0</controlfield>
    <controlfield tag="007">tu</controlfield>
    <controlfield tag="008">051107s2005    gw |||||r|||| 00||||ger  </controlfield>
    <datafield ind1=" " ind2=" " tag="015">
      <subfield code="a">06,A09,2595</subfield>
      <subfield code="2">dnb</subfield>
    </datafield>
    <datafield ind1="7" ind2=" " tag="016">
      <subfield code="2">DE-101</subfield>
      <subfield code="a">976985500</subfield>
    </datafield>
    <datafield ind1=" " ind2=" " tag="020">
      <subfield code="a">3473580082</subfield>
      <subfield code="c">kart. : EUR 5.95, sfr 11.10</subfield>
      <subfield code="9">3-473-58008-2</subfield>
    </datafield>
    <datafield ind1=" " ind2=" " tag="035">
      <subfield code="a">(DE-599)DNB976985500</subfield>
    </datafield>
    <datafield ind1=" " ind2=" " tag="035">
      <subfield code="a">(OCoLC)181495762</subfield>
    </datafield>
    <datafield ind1=" " ind2=" " tag="040">
      <subfield code="a">1230</subfield>
      <subfield code="b">ger</subfield>
      <subfield code="c">DE-101</subfield>
      <subfield code="d">9999</subfield>
      <subfield code="e">rakwb</subfield>
    </datafield>
    <datafield ind1=" " ind2=" " tag="041">
      <subfield code="a">ger</subfield>
      <subfield code="h">eng</subfield>
    </datafield>
    <datafield ind1=" " ind2=" " tag="044">
      <subfield code="c">XA-DE</subfield>
    </datafield>
    <datafield ind1="7" ind2="4" tag="082">
      <subfield code="a">K</subfield>
      <subfield code="q">DE-101</subfield>
      <subfield code="2">22sdnb</subfield>
    </datafield>
    <datafield ind1=" " ind2=" " tag="084">
      <subfield code="a">K</subfield>
      <subfield code="q">DE-101</subfield>
      <subfield code="2">sdnb</subfield>
    </datafield>
    <datafield ind1=" " ind2=" " tag="090">
      <subfield code="a">b</subfield>
    </datafield>
    <datafield ind1="1" ind2=" " tag="100">
      <subfield code="0">(DE-588)118880993</subfield>
      <subfield code="0">(DE-101)118880993</subfield>
      <subfield code="a">Rhue, Morton</subfield>
      <subfield code="d">1950-</subfield>
      <subfield code="4">aut</subfield>
    </datafield>
    <datafield ind1="1" ind2="0" tag="245">
      <subfield code="a">Die Welle</subfield>
      <subfield code="b">Bericht über einen Unterrichtsversuch, der zu weit ging ; [Macht durch Disziplin! Macht durch Gemeinschaft! Macht durch Handeln!]</subfield>
      <subfield code="c">Morton Rhue. Aus dem Amerikan. von Hans-Georg Noack</subfield>
    </datafield>
    <datafield ind1=" " ind2=" " tag="250">
      <subfield code="a">[11. Aufl.]</subfield>
    </datafield>
    <datafield ind1=" " ind2=" " tag="259">
      <subfield code="a">211</subfield>
    </datafield>
    <datafield ind1="3" ind2=" " tag="260">
      <subfield code="a">[Ravensburg]</subfield>
      <subfield code="b">Ravensburger Buchverl.</subfield>
      <subfield code="c">2005, [2005]</subfield>
    </datafield>
    <datafield ind1=" " ind2=" " tag="300">
      <subfield code="a">185 S.</subfield>
      <subfield code="b">Ill.</subfield>
      <subfield code="c">18 cm</subfield>
    </datafield>
    <datafield ind1="1" ind2=" " tag="490">
      <subfield code="a">Ravensburger Taschenbuch</subfield>
      <subfield code="v">Bd. 58008</subfield>
    </datafield>
    <datafield ind1=" " ind2=" " tag="500">
      <subfield code="a">Früher als: Ravensburger Taschenbuch ; 54199</subfield>
    </datafield>
    <datafield ind1=" " ind2="7" tag="650">
      <subfield code="0">(DE-588)4133589-2</subfield>
      <subfield code="0">(DE-101)041335899</subfield>
      <subfield code="a">Schulklasse</subfield>
      <subfield code="2">gnd</subfield>
    </datafield>
    <datafield ind1=" " ind2="7" tag="650">
      <subfield code="0">(DE-588)4155572-7</subfield>
      <subfield code="0">(DE-101)041555724</subfield>
      <subfield code="a">Führerprinzip</subfield>
      <subfield code="2">gnd</subfield>
    </datafield>
    <datafield ind1=" " ind2="7" tag="650">
      <subfield code="0">(DE-588)4015999-1</subfield>
      <subfield code="0">(DE-101)04015999X</subfield>
      <subfield code="a">Experiment</subfield>
      <subfield code="2">gnd</subfield>
    </datafield>
    <datafield ind1=" " ind2="7" tag="650">
      <subfield code="0">(DE-588)4055891-5</subfield>
      <subfield code="0">(DE-101)040558916</subfield>
      <subfield code="a">Sozialpsychologie</subfield>
      <subfield code="2">gnd</subfield>
    </datafield>
    <datafield ind1=" " ind2="7" tag="650">
      <subfield code="0">(DE-588)4041316-0</subfield>
      <subfield code="0">(DE-101)040413160</subfield>
      <subfield code="a">Nationalsozialismus</subfield>
      <subfield code="2">gnd</subfield>
    </datafield>
    <datafield ind1=" " ind2="7" tag="650">
      <subfield code="0">(DE-588)4015999-1</subfield>
      <subfield code="0">(DE-101)04015999X</subfield>
      <subfield code="a">Experiment</subfield>
      <subfield code="2">gnd</subfield>
    </datafield>
    <datafield ind1=" " ind2="7" tag="650">
      <subfield code="0">(DE-588)4055891-5</subfield>
      <subfield code="0">(DE-101)040558916</subfield>
      <subfield code="a">Sozialpsychologie</subfield>
      <subfield code="2">gnd</subfield>
    </datafield>
    <datafield ind1=" " ind2="7" tag="651">
      <subfield code="0">(DE-588)4078704-7</subfield>
      <subfield code="0">(DE-101)040787044</subfield>
      <subfield code="a">USA</subfield>
      <subfield code="2">gnd</subfield>
    </datafield>
    <datafield ind1=" " ind2="7" tag="655">
      <subfield code="a">Jugendbuch</subfield>
      <subfield code="2">gnd</subfield>
    </datafield>
    <datafield ind1=" " ind2="7" tag="655">
      <subfield code="a">Jugendbuch</subfield>
      <subfield code="2">gnd</subfield>
    </datafield>
    <datafield ind1="0" ind2="0" tag="689">
      <subfield code="0">(DE-588)4078704-7</subfield>
      <subfield code="0">(DE-101)040787044</subfield>
      <subfield code="D">g</subfield>
      <subfield code="a">USA</subfield>
    </datafield>
    <datafield ind1="0" ind2="1" tag="689">
      <subfield code="0">(DE-588)4133589-2</subfield>
      <subfield code="0">(DE-101)041335899</subfield>
      <subfield code="D">s</subfield>
      <subfield code="a">Schulklasse</subfield>
    </datafield>
    <datafield ind1="0" ind2="2" tag="689">
      <subfield code="0">(DE-588)4155572-7</subfield>
      <subfield code="0">(DE-101)041555724</subfield>
      <subfield code="D">s</subfield>
      <subfield code="a">Führerprinzip</subfield>
    </datafield>
    <datafield ind1="0" ind2="3" tag="689">
      <subfield code="0">(DE-588)4015999-1</subfield>
      <subfield code="0">(DE-101)04015999X</subfield>
      <subfield code="D">s</subfield>
      <subfield code="a">Experiment</subfield>
    </datafield>
    <datafield ind1="0" ind2="4" tag="689">
      <subfield code="0">(DE-588)4055891-5</subfield>
      <subfield code="0">(DE-101)040558916</subfield>
      <subfield code="D">s</subfield>
      <subfield code="a">Sozialpsychologie</subfield>
    </datafield>
    <datafield ind1="0" ind2="5" tag="689">
      <subfield code="A">f</subfield>
      <subfield code="a">Jugendbuch</subfield>
    </datafield>
    <datafield ind1="0" ind2=" " tag="689">
      <subfield code="5">DE-101</subfield>
      <subfield code="5">DE-101</subfield>
    </datafield>
    <datafield ind1="1" ind2="0" tag="689">
      <subfield code="0">(DE-588)4041316-0</subfield>
      <subfield code="0">(DE-101)040413160</subfield>
      <subfield code="D">s</subfield>
      <subfield code="a">Nationalsozialismus</subfield>
    </datafield>
    <datafield ind1="1" ind2="1" tag="689">
      <subfield code="0">(DE-588)4015999-1</subfield>
      <subfield code="0">(DE-101)04015999X</subfield>
      <subfield code="D">s</subfield>
      <subfield code="a">Experiment</subfield>
    </datafield>
    <datafield ind1="1" ind2="2" tag="689">
      <subfield code="0">(DE-588)4055891-5</subfield>
      <subfield code="0">(DE-101)040558916</subfield>
      <subfield code="D">s</subfield>
      <subfield code="a">Sozialpsychologie</subfield>
    </datafield>
    <datafield ind1="1" ind2="3" tag="689">
      <subfield code="A">f</subfield>
      <subfield code="a">Jugendbuch</subfield>
    </datafield>
    <datafield ind1="1" ind2=" " tag="689">
      <subfield code="5">DE-101</subfield>
      <subfield code="5">DE-101</subfield>
    </datafield>
    <datafield ind1="0" ind2=" " tag="730">
      <subfield code="a">The wave</subfield>
      <subfield code="g">dt.</subfield>
    </datafield>
    <datafield ind1=" " ind2="0" tag="830">
      <subfield code="a">Ravensburger Taschenbuch</subfield>
      <subfield code="v">Bd. 58008</subfield>
      <subfield code="w">(DE-101)010755519</subfield>
      <subfield code="w">(DE-600)131478-6</subfield>
      <subfield code="9">558008</subfield>
    </datafield>
    <datafield ind1="r" ind2=" " tag="925">
      <subfield code="a">ra</subfield>
    </datafield>
  </record>