
  <record>
    <leader>01777nas a2200505 c 4500</leader>
    <controlfield tag="001">979493595</controlfield>
    <controlfield tag="003">DE-101</controlfield>
    <controlfield tag="005">20130327005708.0</controlfield>
    <controlfield tag="007">tu</controlfield>
    <controlfield tag="008">060427c20069999gw m||p|r ||| 0||||0ger c</controlfield>
    <datafield ind1=" " ind2=" " tag="015">
      <subfield code="a">06,A25,0138</subfield>
      <subfield code="2">dnb</subfield>
    </datafield>
    <datafield ind1="7" ind2=" " tag="016">
      <subfield code="2">DE-101</subfield>
      <subfield code="a">979493595</subfield>
    </datafield>
    <datafield ind1="7" ind2=" " tag="016">
      <subfield code="2">DE-600</subfield>
      <subfield code="a">2233015-X</subfield>
    </datafield>
    <datafield ind1=" " ind2=" " tag="035">
      <subfield code="a">(DE-599)ZDB2233015-X</subfield>
    </datafield>
    <datafield ind1=" " ind2=" " tag="035">
      <subfield code="a">(OCoLC)644571621</subfield>
    </datafield>
    <datafield ind1=" " ind2=" " tag="040">
      <subfield code="a">0012</subfield>
      <subfield code="b">ger</subfield>
      <subfield code="c">DE-101</subfield>
      <subfield code="d">9999</subfield>
    </datafield>
    <datafield ind1=" " ind2=" " tag="041">
      <subfield code="a">ger</subfield>
    </datafield>
    <datafield ind1=" " ind2=" " tag="044">
      <subfield code="c">XA-DE</subfield>
    </datafield>
    <datafield ind1="7" ind2="4" tag="082">
      <subfield code="a">150</subfield>
      <subfield code="q">DE-101</subfield>
      <subfield code="2">22sdnb</subfield>
    </datafield>
    <datafield ind1="7" ind2=" " tag="083">
      <subfield code="a">070</subfield>
      <subfield code="a">150</subfield>
      <subfield code="a">790</subfield>
      <subfield code="q">DE-600</subfield>
      <subfield code="2">22sdnb</subfield>
    </datafield>
    <datafield ind1=" " ind2=" " tag="084">
      <subfield code="a">150</subfield>
      <subfield code="q">DE-101</subfield>
      <subfield code="2">sdnb</subfield>
    </datafield>
    <datafield ind1=" " ind2=" " tag="084">
      <subfield code="a">070</subfield>
      <subfield code="a">150</subfield>
      <subfield code="a">790</subfield>
      <subfield code="q">DE-600</subfield>
      <subfield code="2">sdnb</subfield>
    </datafield>
    <datafield ind1=" " ind2=" " tag="090">
      <subfield code="n">fn</subfield>
      <subfield code="n">mg</subfield>
    </datafield>
    <datafield ind1="1" ind2="0" tag="245">
      <subfield code="a">Emotion</subfield>
      <subfield code="b">Leben, Liebe, Job, Wohlfühlen ; Zeit für neue Gedanken</subfield>
    </datafield>
    <datafield ind1="1" ind2="3" tag="246">
      <subfield code="a">Extra-Heft Life &amp; work</subfield>
    </datafield>
    <datafield ind1="1" ind2="0" tag="247">
      <subfield code="a">das Psychologie-Magazin</subfield>
      <subfield code="f">Zusatz anfangs </subfield>
    </datafield>
    <datafield ind1="1" ind2="0" tag="247">
      <subfield code="a">Persönlichkeit, Partnerschaft, Psychologie</subfield>
      <subfield code="f">Zusatz früher</subfield>
    </datafield>
    <datafield ind1="3" ind2=" " tag="260">
      <subfield code="a">Hamburg</subfield>
      <subfield code="b">Emotion Verl. GmbH</subfield>
    </datafield>
    <datafield ind1=" " ind2=" " tag="260">
      <subfield code="a">München</subfield>
      <subfield code="b">G-und-J-Emotion-Verl.</subfield>
      <subfield code="c">früher</subfield>
    </datafield>
    <datafield ind1="0" ind2=" " tag="362">
      <subfield code="a">2006 -</subfield>
    </datafield>
    <datafield ind1="0" ind2="1" tag="363">
      <subfield code="8">1.1\x</subfield>
      <subfield code="i">2006</subfield>
    </datafield>
    <datafield ind1=" " ind2=" " tag="365">
      <subfield code="b">EUR 4.80 (DE, Einzelh.), EUR 5.90 (AT, Einzelh.), sfr 9.50 (Einzelh.), EUR 42.00 (jährl.)</subfield>
    </datafield>
    <datafield ind1=" " ind2=" " tag="501">
      <subfield code="a">Ungezählte Beil.: Extra-Heft Life &amp; work</subfield>
    </datafield>
    <datafield ind1=" " ind2=" " tag="515">
      <subfield code="a">Periodizität: monatl.</subfield>
    </datafield>
    <datafield ind1=" " ind2="7" tag="650">
      <subfield code="0">(DE-588)4047704-6</subfield>
      <subfield code="0">(DE-101)040477045</subfield>
      <subfield code="a">Psychologie</subfield>
      <subfield code="2">gnd</subfield>
    </datafield>
    <datafield ind1=" " ind2="7" tag="655">
      <subfield code="a">Zeitschrift</subfield>
      <subfield code="2">gnd</subfield>
    </datafield>
    <datafield ind1="0" ind2="0" tag="689">
      <subfield code="0">(DE-588)4047704-6</subfield>
      <subfield code="0">(DE-101)040477045</subfield>
      <subfield code="D">s</subfield>
      <subfield code="a">Psychologie</subfield>
    </datafield>
    <datafield ind1="0" ind2="1" tag="689">
      <subfield code="A">f</subfield>
      <subfield code="a">Zeitschrift</subfield>
    </datafield>
    <datafield ind1="0" ind2=" " tag="689">
      <subfield code="5">DE-101</subfield>
      <subfield code="5">DE-101</subfield>
    </datafield>
    <datafield ind1=" " ind2=" " tag="751">
      <subfield code="0">(DE-588)4023118-5</subfield>
      <subfield code="0">(DE-101)040231186</subfield>
      <subfield code="a">Hamburg</subfield>
      <subfield code="4">dbp</subfield>
      <subfield code="2">gnd</subfield>
    </datafield>
    <datafield ind1=" " ind2=" " tag="751">
      <subfield code="0">(DE-588)1006792-9</subfield>
      <subfield code="0">(DE-101)004037952</subfield>
      <subfield code="a">München</subfield>
      <subfield code="4">dbp</subfield>
      <subfield code="2">gnd</subfield>
    </datafield>
    <datafield ind1="0" ind2="8" tag="770">
      <subfield code="i">Ab 2012 Beil.</subfield>
      <subfield code="t">Emotion edition</subfield>
      <subfield code="w">(DE-600)2701719-9</subfield>
      <subfield code="w">(DE-101)1030548641</subfield>
    </datafield>
    <datafield ind1=" " ind2=" " tag="889">
      <subfield code="w">(DE-101)979194644</subfield>
    </datafield>
    <datafield ind1=" " ind2=" " tag="889">
      <subfield code="w">(DE-600)2480422-8</subfield>
    </datafield>
    <datafield ind1="r" ind2=" " tag="925">
      <subfield code="a">ra</subfield>
    </datafield>
  </record>