
  <record>
    <leader>01714pim a2200397 c 4500</leader>
    <controlfield tag="001">97961094X</controlfield>
    <controlfield tag="003">DE-101</controlfield>
    <controlfield tag="005">20081217010356.0</controlfield>
    <controlfield tag="007">s|||||||||||||</controlfield>
    <controlfield tag="007">co||||||||||||</controlfield>
    <controlfield tag="008">060505s2006    gw |||||q|||||||||||ger  </controlfield>
    <datafield ind1=" " ind2=" " tag="015">
      <subfield code="a">07,A06,1911</subfield>
      <subfield code="z">06,N22,2687</subfield>
      <subfield code="2">dnb</subfield>
    </datafield>
    <datafield ind1="7" ind2=" " tag="016">
      <subfield code="2">DE-101</subfield>
      <subfield code="a">97961094X</subfield>
    </datafield>
    <datafield ind1=" " ind2=" " tag="020">
      <subfield code="a">389813539X</subfield>
      <subfield code="c">: EUR 5.99 (freier Pr.)</subfield>
      <subfield code="9">3-89813-539-X</subfield>
    </datafield>
    <datafield ind1="3" ind2=" " tag="024">
      <subfield code="a">9783898135399</subfield>
    </datafield>
    <datafield ind1=" " ind2=" " tag="035">
      <subfield code="a">(DE-599)DNB97961094X</subfield>
    </datafield>
    <datafield ind1=" " ind2=" " tag="035">
      <subfield code="a">(OCoLC)723690003</subfield>
    </datafield>
    <datafield ind1=" " ind2=" " tag="040">
      <subfield code="a">1145</subfield>
      <subfield code="b">ger</subfield>
      <subfield code="c">DE-101</subfield>
      <subfield code="d">9999</subfield>
      <subfield code="e">rakwb</subfield>
    </datafield>
    <datafield ind1=" " ind2=" " tag="041">
      <subfield code="a">ger</subfield>
      <subfield code="h">dan</subfield>
    </datafield>
    <datafield ind1=" " ind2=" " tag="044">
      <subfield code="c">XA-DE-BE</subfield>
    </datafield>
    <datafield ind1="7" ind2="4" tag="082">
      <subfield code="a">839</subfield>
      <subfield code="a">B</subfield>
      <subfield code="q">DE-101</subfield>
      <subfield code="2">22sdnb</subfield>
    </datafield>
    <datafield ind1=" " ind2=" " tag="084">
      <subfield code="a">839</subfield>
      <subfield code="a">B</subfield>
      <subfield code="q">DE-101</subfield>
      <subfield code="2">sdnb</subfield>
    </datafield>
    <datafield ind1="1" ind2="0" tag="245">
      <subfield code="a">Die Schneekönigin</subfield>
      <subfield code="h">[Tonträger]</subfield>
      <subfield code="b">die schönsten Märchen ; Produktion Westdeutscher Rundfunk Köln 1962</subfield>
      <subfield code="c">Hans Christian Andersen. Sprecher und Sprecherinnen Gerda Gustl Halenke ; Kay Peter Fricke ; die Schneekönigin Irmgard Först ... Hörspielbearb. Klaus Steiger. Regie Cläre Schimmel. Made by WDR</subfield>
    </datafield>
    <datafield ind1="3" ind2=" " tag="260">
      <subfield code="a">[Berlin]</subfield>
      <subfield code="b">DAV</subfield>
      <subfield code="c">2006</subfield>
    </datafield>
    <datafield ind1=" " ind2=" " tag="300">
      <subfield code="a">1 CD</subfield>
      <subfield code="b">stereo</subfield>
      <subfield code="c">12 cm</subfield>
    </datafield>
    <datafield ind1="0" ind2=" " tag="490">
      <subfield code="a">DAV pocket</subfield>
    </datafield>
    <datafield ind1=" " ind2=" " tag="500">
      <subfield code="a">Produktionsjahr: 1962</subfield>
    </datafield>
    <datafield ind1="1" ind2=" " tag="700">
      <subfield code="0">(DE-588)118502794</subfield>
      <subfield code="0">(DE-101)118502794</subfield>
      <subfield code="a">Andersen, Hans Christian</subfield>
      <subfield code="d">1805-1875</subfield>
      <subfield code="4">cre</subfield>
    </datafield>
    <datafield ind1="1" ind2=" " tag="700">
      <subfield code="0">(DE-588)114770999</subfield>
      <subfield code="0">(DE-101)114770999</subfield>
      <subfield code="a">Halenke, Gustl</subfield>
      <subfield code="4">cre</subfield>
    </datafield>
    <datafield ind1="1" ind2=" " tag="700">
      <subfield code="0">(DE-588)122087240</subfield>
      <subfield code="0">(DE-101)122087240</subfield>
      <subfield code="a">Fricke, Peter</subfield>
      <subfield code="d">1939-</subfield>
      <subfield code="4">cre</subfield>
    </datafield>
    <datafield ind1="1" ind2=" " tag="700">
      <subfield code="0">(DE-588)116635576</subfield>
      <subfield code="0">(DE-101)116635576</subfield>
      <subfield code="a">Först, Irmgard</subfield>
      <subfield code="d">1915-</subfield>
      <subfield code="4">cre</subfield>
    </datafield>
    <datafield ind1="1" ind2=" " tag="700">
      <subfield code="0">(DE-588)105425052</subfield>
      <subfield code="0">(DE-101)105425052</subfield>
      <subfield code="a">Steiger, Klaus</subfield>
      <subfield code="4">cre</subfield>
    </datafield>
    <datafield ind1="1" ind2=" " tag="700">
      <subfield code="0">(DE-588)117270962</subfield>
      <subfield code="0">(DE-101)117270962</subfield>
      <subfield code="a">Schimmel, Cläre</subfield>
      <subfield code="4">cre</subfield>
    </datafield>
    <datafield ind1="2" ind2=" " tag="710">
      <subfield code="0">(DE-588)2026599-2</subfield>
      <subfield code="0">(DE-101)004835271</subfield>
      <subfield code="a">Westdeutscher Rundfunk</subfield>
      <subfield code="g">Köln</subfield>
    </datafield>
    <datafield ind1="0" ind2=" " tag="730">
      <subfield code="a">Snedronningen</subfield>
      <subfield code="g">dt.</subfield>
    </datafield>
    <datafield ind1="r" ind2=" " tag="925">
      <subfield code="a">ra</subfield>
    </datafield>
  </record>