
  <record>
    <leader>01805nam a2200469 c 4500</leader>
    <controlfield tag="001">981373232</controlfield>
    <controlfield tag="003">DE-101</controlfield>
    <controlfield tag="005">20100601082004.0</controlfield>
    <controlfield tag="007">tu</controlfield>
    <controlfield tag="008">060927s2006    fr |||||r|||| 00||||fre  </controlfield>
    <datafield ind1=" " ind2=" " tag="015">
      <subfield code="a">07,A28,0179</subfield>
      <subfield code="2">dnb</subfield>
    </datafield>
    <datafield ind1="7" ind2=" " tag="016">
      <subfield code="2">DE-101</subfield>
      <subfield code="a">981373232</subfield>
    </datafield>
    <datafield ind1=" " ind2=" " tag="020">
      <subfield code="z">2501042859</subfield>
      <subfield code="c">kart. : EUR 7.90</subfield>
      <subfield code="9">2501-04285-9</subfield>
    </datafield>
    <datafield ind1=" " ind2=" " tag="035">
      <subfield code="a">(DE-599)DNB981373232</subfield>
    </datafield>
    <datafield ind1=" " ind2=" " tag="035">
      <subfield code="a">(OCoLC)180957227</subfield>
    </datafield>
    <datafield ind1=" " ind2=" " tag="040">
      <subfield code="a">1131</subfield>
      <subfield code="b">ger</subfield>
      <subfield code="c">DE-101</subfield>
      <subfield code="d">1150</subfield>
      <subfield code="e">rakwb</subfield>
    </datafield>
    <datafield ind1=" " ind2=" " tag="041">
      <subfield code="a">fre</subfield>
      <subfield code="h">ger</subfield>
    </datafield>
    <datafield ind1=" " ind2=" " tag="044">
      <subfield code="c">XA-FR</subfield>
    </datafield>
    <datafield ind1="0" ind2="4" tag="082">
      <subfield code="8">1\x</subfield>
      <subfield code="a">158.1</subfield>
      <subfield code="q">DE-101</subfield>
      <subfield code="2">22/ger</subfield>
    </datafield>
    <datafield ind1="7" ind2=" " tag="083">
      <subfield code="a">150</subfield>
      <subfield code="q">DE-101</subfield>
      <subfield code="2">22sdnb</subfield>
    </datafield>
    <datafield ind1=" " ind2=" " tag="084">
      <subfield code="a">150</subfield>
      <subfield code="q">DE-101</subfield>
      <subfield code="2">sdnb</subfield>
    </datafield>
    <datafield ind1=" " ind2=" " tag="085">
      <subfield code="8">1\x</subfield>
      <subfield code="b">158.1</subfield>
    </datafield>
    <datafield ind1=" " ind2=" " tag="090">
      <subfield code="a">b</subfield>
    </datafield>
    <datafield ind1="1" ind2=" " tag="100">
      <subfield code="0">(DE-588)121762270</subfield>
      <subfield code="0">(DE-101)121762270</subfield>
      <subfield code="a">Seiwert, Lothar</subfield>
      <subfield code="d">1952-</subfield>
      <subfield code="4">aut</subfield>
    </datafield>
    <datafield ind1="1" ind2="0" tag="245">
      <subfield code="a">Déterminez votre profil psychologique</subfield>
      <subfield code="b">améliorez votre efficacité au travail et dans la vie</subfield>
      <subfield code="c">Lothar Seiwert ; Friedbert Gay. [Trad.: Sabine Boccador. Adaption et mise en pages: Claire Rouyer]</subfield>
    </datafield>
    <datafield ind1="3" ind2=" " tag="260">
      <subfield code="a">[Paris]</subfield>
      <subfield code="b">Marabout</subfield>
      <subfield code="c">2006</subfield>
    </datafield>
    <datafield ind1=" " ind2=" " tag="300">
      <subfield code="a">95 S.</subfield>
      <subfield code="b">Ill., graph. Darst.</subfield>
      <subfield code="c">21 cm</subfield>
    </datafield>
    <datafield ind1="0" ind2=" " tag="490">
      <subfield code="a">Marabout pratique : Psychologie</subfield>
    </datafield>
    <datafield ind1=" " ind2="7" tag="650">
      <subfield code="0">(DE-588)4075995-7</subfield>
      <subfield code="0">(DE-101)040759954</subfield>
      <subfield code="a">Persönlichkeitsentwicklung</subfield>
      <subfield code="2">gnd</subfield>
    </datafield>
    <datafield ind1=" " ind2="7" tag="650">
      <subfield code="0">(DE-588)4132666-0</subfield>
      <subfield code="0">(DE-101)041326660</subfield>
      <subfield code="a">Persönlichkeitstest</subfield>
      <subfield code="2">gnd</subfield>
    </datafield>
    <datafield ind1=" " ind2="7" tag="655">
      <subfield code="a">Ratgeber</subfield>
      <subfield code="2">gnd</subfield>
    </datafield>
    <datafield ind1=" " ind2="7" tag="655">
      <subfield code="a">Testmaterial</subfield>
      <subfield code="2">gnd</subfield>
    </datafield>
    <datafield ind1="0" ind2="0" tag="689">
      <subfield code="0">(DE-588)4075995-7</subfield>
      <subfield code="0">(DE-101)040759954</subfield>
      <subfield code="D">s</subfield>
      <subfield code="a">Persönlichkeitsentwicklung</subfield>
    </datafield>
    <datafield ind1="0" ind2="1" tag="689">
      <subfield code="A">f</subfield>
      <subfield code="a">Ratgeber</subfield>
    </datafield>
    <datafield ind1="0" ind2=" " tag="689">
      <subfield code="5">DE-101</subfield>
      <subfield code="5">DE-101</subfield>
    </datafield>
    <datafield ind1="1" ind2="0" tag="689">
      <subfield code="0">(DE-588)4132666-0</subfield>
      <subfield code="0">(DE-101)041326660</subfield>
      <subfield code="D">s</subfield>
      <subfield code="a">Persönlichkeitstest</subfield>
    </datafield>
    <datafield ind1="1" ind2="1" tag="689">
      <subfield code="A">f</subfield>
      <subfield code="a">Testmaterial</subfield>
    </datafield>
    <datafield ind1="1" ind2=" " tag="689">
      <subfield code="5">DE-101</subfield>
      <subfield code="5">DE-101</subfield>
    </datafield>
    <datafield ind1="1" ind2=" " tag="700">
      <subfield code="0">(DE-588)129633496</subfield>
      <subfield code="0">(DE-101)129633496</subfield>
      <subfield code="a">Gay, Friedbert</subfield>
      <subfield code="4">aut</subfield>
    </datafield>
    <datafield ind1="1" ind2=" " tag="700">
      <subfield code="0">(DE-588)129940038</subfield>
      <subfield code="0">(DE-101)129940038</subfield>
      <subfield code="a">Rouyer, Claire</subfield>
      <subfield code="4">edt</subfield>
      <subfield code="e">Bearb.</subfield>
    </datafield>
    <datafield ind1="0" ind2=" " tag="730">
      <subfield code="a">Das neue 1 x 1 der Persönlichkeit</subfield>
      <subfield code="g">franz.</subfield>
    </datafield>
    <datafield ind1="r" ind2=" " tag="925">
      <subfield code="a">ru</subfield>
    </datafield>
  </record>