
  <record>
    <leader>02775pam a2200673 c 4500</leader>
    <controlfield tag="001">981710085</controlfield>
    <controlfield tag="003">DE-101</controlfield>
    <controlfield tag="005">20100213135605.0</controlfield>
    <controlfield tag="007">tu</controlfield>
    <controlfield tag="008">061027s2007    gw |||||r|||| 00||||eng  </controlfield>
    <datafield ind1=" " ind2=" " tag="015">
      <subfield code="a">07,A04,1638</subfield>
      <subfield code="z">06,N47,1620</subfield>
      <subfield code="2">dnb</subfield>
    </datafield>
    <datafield ind1="7" ind2=" " tag="016">
      <subfield code="2">DE-101</subfield>
      <subfield code="a">981710085</subfield>
    </datafield>
    <datafield ind1=" " ind2=" " tag="020">
      <subfield code="a">9783631559253 (Frankfurt am Main ...)</subfield>
      <subfield code="c"> kart. : EUR 49.80 (DE), EUR 49.80 (AT)</subfield>
      <subfield code="9">978-3-631-55925-3</subfield>
    </datafield>
    <datafield ind1=" " ind2=" " tag="020">
      <subfield code="a">3631559259 (Frankfurt am Main ...)</subfield>
      <subfield code="c"> kart. : EUR 49.80 (DE), EUR 49.80 (AT)</subfield>
      <subfield code="9">3-631-55925-9</subfield>
    </datafield>
    <datafield ind1=" " ind2=" " tag="020">
      <subfield code="a">0820487511 (New York ...)</subfield>
      <subfield code="c"> kart.</subfield>
      <subfield code="9">0-8204-8751-1</subfield>
    </datafield>
    <datafield ind1="3" ind2=" " tag="024">
      <subfield code="a">9783631559253</subfield>
    </datafield>
    <datafield ind1=" " ind2=" " tag="035">
      <subfield code="a">(DE-599)DNB981710085</subfield>
    </datafield>
    <datafield ind1=" " ind2=" " tag="035">
      <subfield code="a">(OCoLC)180965950</subfield>
    </datafield>
    <datafield ind1=" " ind2=" " tag="040">
      <subfield code="a">1245</subfield>
      <subfield code="b">ger</subfield>
      <subfield code="c">DE-101</subfield>
      <subfield code="d">9999</subfield>
      <subfield code="e">rakwb</subfield>
    </datafield>
    <datafield ind1=" " ind2=" " tag="041">
      <subfield code="a">eng</subfield>
    </datafield>
    <datafield ind1=" " ind2=" " tag="044">
      <subfield code="c">XA-DE-HE</subfield>
    </datafield>
    <datafield ind1="0" ind2="4" tag="082">
      <subfield code="8">1\x</subfield>
      <subfield code="a">829.009</subfield>
      <subfield code="q">DE-101</subfield>
      <subfield code="2">22/ger</subfield>
    </datafield>
    <datafield ind1="7" ind2=" " tag="083">
      <subfield code="a">820</subfield>
      <subfield code="a">420</subfield>
      <subfield code="q">DE-101</subfield>
      <subfield code="2">22sdnb</subfield>
    </datafield>
    <datafield ind1=" " ind2=" " tag="084">
      <subfield code="a">820</subfield>
      <subfield code="a">420</subfield>
      <subfield code="q">DE-101</subfield>
      <subfield code="2">sdnb</subfield>
    </datafield>
    <datafield ind1=" " ind2=" " tag="085">
      <subfield code="8">1\x</subfield>
      <subfield code="b">829</subfield>
    </datafield>
    <datafield ind1=" " ind2=" " tag="090">
      <subfield code="a">b</subfield>
    </datafield>
    <datafield ind1="1" ind2="0" tag="245">
      <subfield code="a">Beowulf and beyond</subfield>
      <subfield code="c">Hans Sauer/Renate Bauer (eds.)</subfield>
    </datafield>
    <datafield ind1="3" ind2=" " tag="260">
      <subfield code="a">Frankfurt am Main</subfield>
      <subfield code="a">Berlin</subfield>
      <subfield code="a">Bern</subfield>
      <subfield code="a">Bruxelles</subfield>
      <subfield code="a">New York</subfield>
      <subfield code="a">Oxford</subfield>
      <subfield code="a">Wien</subfield>
      <subfield code="b">Lang</subfield>
      <subfield code="c">2007</subfield>
    </datafield>
    <datafield ind1=" " ind2=" " tag="300">
      <subfield code="a">XX, 333 S.</subfield>
      <subfield code="b">Ill.</subfield>
      <subfield code="c">21 cm</subfield>
    </datafield>
    <datafield ind1="1" ind2=" " tag="490">
      <subfield code="a">Studies in English medieval language and literature</subfield>
      <subfield code="v">Vol. 18</subfield>
    </datafield>
    <datafield ind1=" " ind2=" " tag="500">
      <subfield code="a">Literaturangaben</subfield>
    </datafield>
    <datafield ind1=" " ind2="7" tag="650">
      <subfield code="0">(DE-588)4112501-0</subfield>
      <subfield code="0">(DE-101)041125010</subfield>
      <subfield code="a">Altenglisch</subfield>
      <subfield code="2">gnd</subfield>
    </datafield>
    <datafield ind1=" " ind2="7" tag="650">
      <subfield code="0">(DE-588)4035964-5</subfield>
      <subfield code="0">(DE-101)040359646</subfield>
      <subfield code="a">Literatur</subfield>
      <subfield code="2">gnd</subfield>
    </datafield>
    <datafield ind1=" " ind2="7" tag="650">
      <subfield code="0">(DE-588)4112501-0</subfield>
      <subfield code="0">(DE-101)041125010</subfield>
      <subfield code="a">Altenglisch</subfield>
      <subfield code="2">gnd</subfield>
    </datafield>
    <datafield ind1=" " ind2="7" tag="650">
      <subfield code="0">(DE-588)4039676-9</subfield>
      <subfield code="0">(DE-101)040396762</subfield>
      <subfield code="a">Mittelenglisch</subfield>
      <subfield code="2">gnd</subfield>
    </datafield>
    <datafield ind1=" " ind2="7" tag="650">
      <subfield code="0">(DE-588)4039676-9</subfield>
      <subfield code="0">(DE-101)040396762</subfield>
      <subfield code="a">Mittelenglisch</subfield>
      <subfield code="2">gnd</subfield>
    </datafield>
    <datafield ind1=" " ind2="7" tag="650">
      <subfield code="0">(DE-588)4035964-5</subfield>
      <subfield code="0">(DE-101)040359646</subfield>
      <subfield code="a">Literatur</subfield>
      <subfield code="2">gnd</subfield>
    </datafield>
    <datafield ind1=" " ind2="7" tag="655">
      <subfield code="a">Aufsatzsammlung</subfield>
      <subfield code="2">gnd</subfield>
    </datafield>
    <datafield ind1=" " ind2="7" tag="655">
      <subfield code="a">Aufsatzsammlung</subfield>
      <subfield code="2">gnd</subfield>
    </datafield>
    <datafield ind1=" " ind2="7" tag="655">
      <subfield code="a">Aufsatzsammlung</subfield>
      <subfield code="2">gnd</subfield>
    </datafield>
    <datafield ind1=" " ind2="7" tag="655">
      <subfield code="a">Aufsatzsammlung</subfield>
      <subfield code="2">gnd</subfield>
    </datafield>
    <datafield ind1="0" ind2="0" tag="689">
      <subfield code="0">(DE-588)4112501-0</subfield>
      <subfield code="0">(DE-101)041125010</subfield>
      <subfield code="D">s</subfield>
      <subfield code="a">Altenglisch</subfield>
    </datafield>
    <datafield ind1="0" ind2="1" tag="689">
      <subfield code="0">(DE-588)4035964-5</subfield>
      <subfield code="0">(DE-101)040359646</subfield>
      <subfield code="D">s</subfield>
      <subfield code="a">Literatur</subfield>
    </datafield>
    <datafield ind1="0" ind2="2" tag="689">
      <subfield code="A">f</subfield>
      <subfield code="a">Aufsatzsammlung</subfield>
    </datafield>
    <datafield ind1="0" ind2=" " tag="689">
      <subfield code="5">DE-101</subfield>
      <subfield code="5">DE-101</subfield>
    </datafield>
    <datafield ind1="1" ind2="0" tag="689">
      <subfield code="0">(DE-588)4112501-0</subfield>
      <subfield code="0">(DE-101)041125010</subfield>
      <subfield code="D">s</subfield>
      <subfield code="a">Altenglisch</subfield>
    </datafield>
    <datafield ind1="1" ind2="1" tag="689">
      <subfield code="A">f</subfield>
      <subfield code="a">Aufsatzsammlung</subfield>
    </datafield>
    <datafield ind1="1" ind2=" " tag="689">
      <subfield code="5">DE-101</subfield>
      <subfield code="5">DE-101</subfield>
    </datafield>
    <datafield ind1="2" ind2="0" tag="689">
      <subfield code="0">(DE-588)4039676-9</subfield>
      <subfield code="0">(DE-101)040396762</subfield>
      <subfield code="D">s</subfield>
      <subfield code="a">Mittelenglisch</subfield>
    </datafield>
    <datafield ind1="2" ind2="1" tag="689">
      <subfield code="A">f</subfield>
      <subfield code="a">Aufsatzsammlung</subfield>
    </datafield>
    <datafield ind1="2" ind2=" " tag="689">
      <subfield code="5">DE-101</subfield>
      <subfield code="5">DE-101</subfield>
    </datafield>
    <datafield ind1="3" ind2="0" tag="689">
      <subfield code="0">(DE-588)4039676-9</subfield>
      <subfield code="0">(DE-101)040396762</subfield>
      <subfield code="D">s</subfield>
      <subfield code="a">Mittelenglisch</subfield>
    </datafield>
    <datafield ind1="3" ind2="1" tag="689">
      <subfield code="0">(DE-588)4035964-5</subfield>
      <subfield code="0">(DE-101)040359646</subfield>
      <subfield code="D">s</subfield>
      <subfield code="a">Literatur</subfield>
    </datafield>
    <datafield ind1="3" ind2="2" tag="689">
      <subfield code="A">f</subfield>
      <subfield code="a">Aufsatzsammlung</subfield>
    </datafield>
    <datafield ind1="3" ind2=" " tag="689">
      <subfield code="5">DE-101</subfield>
      <subfield code="5">DE-101</subfield>
    </datafield>
    <datafield ind1="1" ind2=" " tag="700">
      <subfield code="0">(DE-588)132365375</subfield>
      <subfield code="0">(DE-101)132365375</subfield>
      <subfield code="a">Sauer, Hans</subfield>
      <subfield code="d">1946-</subfield>
      <subfield code="4">edt</subfield>
      <subfield code="e">Hrsg.</subfield>
    </datafield>
    <datafield ind1=" " ind2="0" tag="830">
      <subfield code="a">Studies in English medieval language and literature</subfield>
      <subfield code="v">Vol. 18</subfield>
      <subfield code="w">(DE-101)978267052</subfield>
      <subfield code="w">(DE-600)2218945-2</subfield>
      <subfield code="9">218</subfield>
    </datafield>
    <datafield ind1="4" ind2="2" tag="856">
      <subfield code="m">V:DE-603</subfield>
      <subfield code="q">application/pdf</subfield>
      <subfield code="u">http://d-nb.info/981710085/04</subfield>
      <subfield code="3">Inhaltsverzeichnis</subfield>
    </datafield>
    <datafield ind1="r" ind2=" " tag="925">
      <subfield code="a">ra</subfield>
    </datafield>
  </record>