
  <record>
    <leader>01048nam a2200301 c 4500</leader>
    <controlfield tag="001">982786174</controlfield>
    <controlfield tag="003">DE-101</controlfield>
    <controlfield tag="005">20080707091528.0</controlfield>
    <controlfield tag="007">tu</controlfield>
    <controlfield tag="008">070119s2006    gw |||||r|||| 00||||ger  </controlfield>
    <datafield ind1=" " ind2=" " tag="015">
      <subfield code="a">07,B40,0179</subfield>
      <subfield code="2">dnb</subfield>
    </datafield>
    <datafield ind1="7" ind2=" " tag="016">
      <subfield code="2">DE-101</subfield>
      <subfield code="a">982786174</subfield>
    </datafield>
    <datafield ind1=" " ind2=" " tag="020">
      <subfield code="c">geh.</subfield>
    </datafield>
    <datafield ind1=" " ind2=" " tag="035">
      <subfield code="a">(DE-599)DNB982786174</subfield>
    </datafield>
    <datafield ind1=" " ind2=" " tag="035">
      <subfield code="a">(OCoLC)183897938</subfield>
    </datafield>
    <datafield ind1=" " ind2=" " tag="040">
      <subfield code="a">9831</subfield>
      <subfield code="b">ger</subfield>
      <subfield code="c">DE-101</subfield>
      <subfield code="d">1140</subfield>
      <subfield code="e">rakwb</subfield>
    </datafield>
    <datafield ind1=" " ind2=" " tag="041">
      <subfield code="a">ger</subfield>
    </datafield>
    <datafield ind1=" " ind2=" " tag="044">
      <subfield code="c">XA-DE</subfield>
    </datafield>
    <datafield ind1="7" ind2="4" tag="082">
      <subfield code="a">330</subfield>
      <subfield code="a">320</subfield>
      <subfield code="q">DE-101</subfield>
      <subfield code="2">22sdnb</subfield>
    </datafield>
    <datafield ind1=" " ind2=" " tag="084">
      <subfield code="a">330</subfield>
      <subfield code="a">320</subfield>
      <subfield code="q">DE-101</subfield>
      <subfield code="2">sdnb</subfield>
    </datafield>
    <datafield ind1="1" ind2="0" tag="245">
      <subfield code="a">Werte und Verantwortung von Eliten in Wirtschaft, Wissenschaft und Politik</subfield>
      <subfield code="c">Friedrich-Ebert-Stiftung. [Hrsg.: Friedrich-Ebert-Stiftung, Politische Akademie. Red.: Gisela Zierau]</subfield>
    </datafield>
    <datafield ind1="3" ind2=" " tag="260">
      <subfield code="a">Berlin</subfield>
      <subfield code="b">Politische Akad.</subfield>
      <subfield code="c">2006</subfield>
    </datafield>
    <datafield ind1=" " ind2=" " tag="300">
      <subfield code="a">11 S.</subfield>
      <subfield code="b">Ill.</subfield>
      <subfield code="c">30 cm</subfield>
    </datafield>
    <datafield ind1="1" ind2=" " tag="490">
      <subfield code="a">Policy</subfield>
      <subfield code="v">Nr. 12</subfield>
    </datafield>
    <datafield ind1="1" ind2=" " tag="700">
      <subfield code="0">(DE-588)11587321X</subfield>
      <subfield code="0">(DE-101)11587321X</subfield>
      <subfield code="a">Zierau, Gisela</subfield>
      <subfield code="4">red</subfield>
      <subfield code="e">Red.</subfield>
    </datafield>
    <datafield ind1="2" ind2=" " tag="710">
      <subfield code="0">(DE-588)37498-2</subfield>
      <subfield code="0">(DE-101)000374989</subfield>
      <subfield code="a">Friedrich-Ebert-Stiftung</subfield>
    </datafield>
    <datafield ind1=" " ind2="0" tag="830">
      <subfield code="a">Policy</subfield>
      <subfield code="v">Nr. 12</subfield>
      <subfield code="w">(DE-101)979463262</subfield>
      <subfield code="w">(DE-600)2232622-4</subfield>
      <subfield code="9">212</subfield>
    </datafield>
    <datafield ind1="r" ind2=" " tag="925">
      <subfield code="a">rb</subfield>
    </datafield>
  </record>