
  <record>
    <leader>01465nom a2200337 ca4500</leader>
    <controlfield tag="001">983270015</controlfield>
    <controlfield tag="003">DE-101</controlfield>
    <controlfield tag="005">20070301213924.0</controlfield>
    <controlfield tag="007">ou</controlfield>
    <controlfield tag="008">070223s        gw ||||||||||  ||||||||  </controlfield>
    <datafield ind1="7" ind2=" " tag="016">
      <subfield code="2">DE-101</subfield>
      <subfield code="a">983270015</subfield>
    </datafield>
    <datafield ind1=" " ind2=" " tag="020">
      <subfield code="a">9783526521716</subfield>
      <subfield code="c">: EUR 9.95</subfield>
      <subfield code="9">978-3-526-52171-6</subfield>
    </datafield>
    <datafield ind1=" " ind2=" " tag="020">
      <subfield code="a">3526521719</subfield>
      <subfield code="c">: EUR 9.95</subfield>
      <subfield code="9">3-526-52171-9</subfield>
    </datafield>
    <datafield ind1="3" ind2=" " tag="024">
      <subfield code="a">9783526521716</subfield>
    </datafield>
    <datafield ind1=" " ind2=" " tag="035">
      <subfield code="a">(DE-599)DNB983270015</subfield>
    </datafield>
    <datafield ind1=" " ind2=" " tag="035">
      <subfield code="a">(OCoLC)609971635</subfield>
    </datafield>
    <datafield ind1=" " ind2=" " tag="040">
      <subfield code="a">1240</subfield>
      <subfield code="b">ger</subfield>
      <subfield code="c">DE-101</subfield>
      <subfield code="d">9999</subfield>
      <subfield code="e">rakwb</subfield>
    </datafield>
    <datafield ind1=" " ind2=" " tag="044">
      <subfield code="c">XA-DE-BY</subfield>
    </datafield>
    <datafield ind1="7" ind2="4" tag="082">
      <subfield code="a">S</subfield>
      <subfield code="q">DE-101</subfield>
      <subfield code="2">22sdnb</subfield>
    </datafield>
    <datafield ind1=" " ind2=" " tag="084">
      <subfield code="a">S</subfield>
      <subfield code="q">DE-101</subfield>
      <subfield code="2">sdnb</subfield>
    </datafield>
    <datafield ind1="1" ind2="0" tag="245">
      <subfield code="a">The hound of the Baskervilles</subfield>
      <subfield code="h">[Medienkombination]</subfield>
      <subfield code="c">Arthur Conan Doyle. Retold by Jeremy Fitzgerald. Activities by Louis Vaughan</subfield>
    </datafield>
    <datafield ind1="3" ind2=" " tag="260">
      <subfield code="a">[München]</subfield>
      <subfield code="b">Langenscheidt ELT</subfield>
    </datafield>
    <datafield ind1=" " ind2=" " tag="500">
      <subfield code="a">Vom Verl. Black Cat Publ., Cideb, Genoa, Canterbury, übernommene Ausg. - Auch als: Reading &amp; training : Elementary</subfield>
    </datafield>
    <datafield ind1="1" ind2="7" tag="600">
      <subfield code="0">(DE-588)4286121-4</subfield>
      <subfield code="0">(DE-101)042861217</subfield>
      <subfield code="a">Doyle, Arthur Conan</subfield>
      <subfield code="d">1859-1930</subfield>
      <subfield code="t">The hound of the Baskervilles</subfield>
      <subfield code="2">gnd</subfield>
    </datafield>
    <datafield ind1=" " ind2="7" tag="650">
      <subfield code="0">(DE-588)4014801-4</subfield>
      <subfield code="0">(DE-101)040148017</subfield>
      <subfield code="a">Englischunterricht</subfield>
      <subfield code="2">gnd</subfield>
    </datafield>
    <datafield ind1=" " ind2="7" tag="655">
      <subfield code="a">Lehrmittel</subfield>
      <subfield code="2">gnd</subfield>
    </datafield>
    <datafield ind1="0" ind2="0" tag="689">
      <subfield code="0">(DE-588)4286121-4</subfield>
      <subfield code="0">(DE-101)042861217</subfield>
      <subfield code="D">p</subfield>
      <subfield code="a">Doyle, Arthur Conan</subfield>
      <subfield code="d">1859-1930</subfield>
      <subfield code="t">The hound of the Baskervilles</subfield>
    </datafield>
    <datafield ind1="0" ind2="1" tag="689">
      <subfield code="0">(DE-588)4014801-4</subfield>
      <subfield code="0">(DE-101)040148017</subfield>
      <subfield code="D">s</subfield>
      <subfield code="a">Englischunterricht</subfield>
    </datafield>
    <datafield ind1="0" ind2="2" tag="689">
      <subfield code="A">f</subfield>
      <subfield code="a">Lehrmittel</subfield>
    </datafield>
    <datafield ind1="0" ind2=" " tag="689">
      <subfield code="5">DE-101</subfield>
      <subfield code="5">DE-101</subfield>
    </datafield>
    <datafield ind1="1" ind2=" " tag="700">
      <subfield code="0">(DE-588)11852710X</subfield>
      <subfield code="0">(DE-101)11852710X</subfield>
      <subfield code="a">Doyle, Arthur Conan</subfield>
      <subfield code="d">1859-1930</subfield>
      <subfield code="4">cre</subfield>
    </datafield>
  </record>