
  <record>
    <leader>02061nam a2200517 c 4500</leader>
    <controlfield tag="001">984526439</controlfield>
    <controlfield tag="003">DE-101</controlfield>
    <controlfield tag="005">20080626213353.0</controlfield>
    <controlfield tag="007">tu</controlfield>
    <controlfield tag="008">070606s2007    gw |||||r|||| 00||||ger  </controlfield>
    <datafield ind1=" " ind2=" " tag="015">
      <subfield code="a">07,A42,2080</subfield>
      <subfield code="2">dnb</subfield>
    </datafield>
    <datafield ind1="7" ind2=" " tag="016">
      <subfield code="2">DE-101</subfield>
      <subfield code="a">984526439</subfield>
    </datafield>
    <datafield ind1=" " ind2=" " tag="020">
      <subfield code="a">9783401029924</subfield>
      <subfield code="c">kart. : EUR 6.50</subfield>
      <subfield code="9">978-3-401-02992-4</subfield>
    </datafield>
    <datafield ind1=" " ind2=" " tag="020">
      <subfield code="a">3401029924</subfield>
      <subfield code="c">kart. : EUR 6.50</subfield>
      <subfield code="9">3-401-02992-4</subfield>
    </datafield>
    <datafield ind1="3" ind2=" " tag="024">
      <subfield code="a">9783401029924</subfield>
    </datafield>
    <datafield ind1=" " ind2=" " tag="035">
      <subfield code="a">(DE-599)DNB984526439</subfield>
    </datafield>
    <datafield ind1=" " ind2=" " tag="035">
      <subfield code="a">(OCoLC)184694212</subfield>
    </datafield>
    <datafield ind1=" " ind2=" " tag="040">
      <subfield code="a">1245</subfield>
      <subfield code="b">ger</subfield>
      <subfield code="c">DE-101</subfield>
      <subfield code="d">9999</subfield>
      <subfield code="e">rakwb</subfield>
    </datafield>
    <datafield ind1=" " ind2=" " tag="041">
      <subfield code="a">ger</subfield>
    </datafield>
    <datafield ind1=" " ind2=" " tag="044">
      <subfield code="c">XA-DE-BY</subfield>
    </datafield>
    <datafield ind1="7" ind2="4" tag="082">
      <subfield code="a">K</subfield>
      <subfield code="q">DE-101</subfield>
      <subfield code="2">22sdnb</subfield>
    </datafield>
    <datafield ind1=" " ind2=" " tag="084">
      <subfield code="a">K</subfield>
      <subfield code="q">DE-101</subfield>
      <subfield code="2">sdnb</subfield>
    </datafield>
    <datafield ind1=" " ind2=" " tag="090">
      <subfield code="a">b</subfield>
    </datafield>
    <datafield ind1="1" ind2=" " tag="100">
      <subfield code="0">(DE-588)115550054</subfield>
      <subfield code="0">(DE-101)115550054</subfield>
      <subfield code="a">Bieniek, Christian</subfield>
      <subfield code="d">1956-2005</subfield>
      <subfield code="4">aut</subfield>
    </datafield>
    <datafield ind1="1" ind2="0" tag="245">
      <subfield code="a">Lügen: eins, Verlieben: fünf minus</subfield>
      <subfield code="c">Christian Bieniek ; Vanessa Walder</subfield>
    </datafield>
    <datafield ind1=" " ind2=" " tag="250">
      <subfield code="a">1. Aufl.</subfield>
    </datafield>
    <datafield ind1=" " ind2=" " tag="259">
      <subfield code="a">11</subfield>
    </datafield>
    <datafield ind1="3" ind2=" " tag="260">
      <subfield code="a">Würzburg</subfield>
      <subfield code="b">Arena</subfield>
      <subfield code="c">2007</subfield>
    </datafield>
    <datafield ind1=" " ind2=" " tag="300">
      <subfield code="a">163 S.</subfield>
      <subfield code="c">19 cm</subfield>
    </datafield>
    <datafield ind1="1" ind2=" " tag="490">
      <subfield code="a">Arena-Taschenbuch</subfield>
      <subfield code="v">Bd. 2992</subfield>
    </datafield>
    <datafield ind1=" " ind2=" " tag="500">
      <subfield code="a">Früher als: Leas Liebes-GmbH / Christian Bieniek/Vanessa Walder ; Herz, Schmerz und Sauerampfer</subfield>
    </datafield>
    <datafield ind1=" " ind2="7" tag="650">
      <subfield code="0">(DE-588)4226662-2</subfield>
      <subfield code="0">(DE-101)042266629</subfield>
      <subfield code="a">Clique</subfield>
      <subfield code="2">gnd</subfield>
    </datafield>
    <datafield ind1=" " ind2="7" tag="650">
      <subfield code="0">(DE-588)4328334-2</subfield>
      <subfield code="0">(DE-101)043283349</subfield>
      <subfield code="a">Verlieben</subfield>
      <subfield code="2">gnd</subfield>
    </datafield>
    <datafield ind1=" " ind2="7" tag="650">
      <subfield code="0">(DE-588)4189399-2</subfield>
      <subfield code="0">(DE-101)041893999</subfield>
      <subfield code="a">Weibliche Jugend</subfield>
      <subfield code="2">gnd</subfield>
    </datafield>
    <datafield ind1=" " ind2="7" tag="650">
      <subfield code="0">(DE-588)4114266-4</subfield>
      <subfield code="0">(DE-101)041142667</subfield>
      <subfield code="a">Konfliktlösung</subfield>
      <subfield code="2">gnd</subfield>
    </datafield>
    <datafield ind1=" " ind2="7" tag="655">
      <subfield code="a">Jugendbuch</subfield>
      <subfield code="2">gnd</subfield>
    </datafield>
    <datafield ind1="0" ind2="0" tag="689">
      <subfield code="0">(DE-588)4226662-2</subfield>
      <subfield code="0">(DE-101)042266629</subfield>
      <subfield code="D">s</subfield>
      <subfield code="a">Clique</subfield>
    </datafield>
    <datafield ind1="0" ind2="1" tag="689">
      <subfield code="0">(DE-588)4328334-2</subfield>
      <subfield code="0">(DE-101)043283349</subfield>
      <subfield code="D">s</subfield>
      <subfield code="a">Verlieben</subfield>
    </datafield>
    <datafield ind1="0" ind2="2" tag="689">
      <subfield code="0">(DE-588)4189399-2</subfield>
      <subfield code="0">(DE-101)041893999</subfield>
      <subfield code="D">s</subfield>
      <subfield code="a">Weibliche Jugend</subfield>
    </datafield>
    <datafield ind1="0" ind2="3" tag="689">
      <subfield code="0">(DE-588)4114266-4</subfield>
      <subfield code="0">(DE-101)041142667</subfield>
      <subfield code="D">s</subfield>
      <subfield code="a">Konfliktlösung</subfield>
    </datafield>
    <datafield ind1="0" ind2="4" tag="689">
      <subfield code="A">f</subfield>
      <subfield code="a">Jugendbuch</subfield>
    </datafield>
    <datafield ind1="0" ind2=" " tag="689">
      <subfield code="5">DE-101</subfield>
      <subfield code="5">DE-101</subfield>
    </datafield>
    <datafield ind1="1" ind2=" " tag="700">
      <subfield code="0">(DE-588)12358079X</subfield>
      <subfield code="0">(DE-101)12358079X</subfield>
      <subfield code="a">Walder, Vanessa</subfield>
      <subfield code="d">1978-</subfield>
      <subfield code="4">aut</subfield>
    </datafield>
    <datafield ind1=" " ind2="0" tag="830">
      <subfield code="a">Arena-Taschenbuch</subfield>
      <subfield code="v">Bd. 2992</subfield>
      <subfield code="w">(DE-101)018433944</subfield>
      <subfield code="w">(DE-600)1341364-8</subfield>
      <subfield code="9">42992</subfield>
    </datafield>
    <datafield ind1="4" ind2="2" tag="856">
      <subfield code="m">X:MVB</subfield>
      <subfield code="q">text/html</subfield>
      <subfield code="u">http://deposit.d-nb.de/cgi-bin/dokserv?id=2971257&amp;prov=M&amp;dok_var=1&amp;dok_ext=htm</subfield>
      <subfield code="3">Inhaltstext</subfield>
    </datafield>
    <datafield ind1="r" ind2=" " tag="925">
      <subfield code="a">ra</subfield>
    </datafield>
  </record>