
  <record>
    <leader>01699nam a2200469 c 4500</leader>
    <controlfield tag="001">984547509</controlfield>
    <controlfield tag="003">DE-101</controlfield>
    <controlfield tag="005">20110423130820.0</controlfield>
    <controlfield tag="007">tu</controlfield>
    <controlfield tag="008">070608s2007    xxk|||||r|||| 00||||eng  </controlfield>
    <datafield ind1=" " ind2=" " tag="015">
      <subfield code="a">08,A19,0426</subfield>
      <subfield code="2">dnb</subfield>
    </datafield>
    <datafield ind1="7" ind2=" " tag="016">
      <subfield code="2">DE-101</subfield>
      <subfield code="a">984547509</subfield>
    </datafield>
    <datafield ind1=" " ind2=" " tag="020">
      <subfield code="a">9780754645290</subfield>
      <subfield code="c">Pp.</subfield>
      <subfield code="9">978-0-7546-4529-0</subfield>
    </datafield>
    <datafield ind1=" " ind2=" " tag="020">
      <subfield code="a">0754645290</subfield>
      <subfield code="c">Pp.</subfield>
      <subfield code="9">0-7546-4529-0</subfield>
    </datafield>
    <datafield ind1=" " ind2=" " tag="035">
      <subfield code="a">(DE-599)DNB984547509</subfield>
    </datafield>
    <datafield ind1=" " ind2=" " tag="035">
      <subfield code="a">(OCoLC)227006229</subfield>
    </datafield>
    <datafield ind1=" " ind2=" " tag="040">
      <subfield code="a">1131</subfield>
      <subfield code="b">ger</subfield>
      <subfield code="c">DE-101</subfield>
      <subfield code="d">9999</subfield>
      <subfield code="e">rakwb</subfield>
    </datafield>
    <datafield ind1=" " ind2=" " tag="041">
      <subfield code="a">eng</subfield>
    </datafield>
    <datafield ind1=" " ind2=" " tag="044">
      <subfield code="c">XA-GB</subfield>
    </datafield>
    <datafield ind1="0" ind2="4" tag="082">
      <subfield code="8">1\x</subfield>
      <subfield code="a">301.092</subfield>
      <subfield code="q">DE-101</subfield>
      <subfield code="2">22/ger</subfield>
    </datafield>
    <datafield ind1="7" ind2=" " tag="083">
      <subfield code="a">300</subfield>
      <subfield code="q">DE-101</subfield>
      <subfield code="2">22sdnb</subfield>
    </datafield>
    <datafield ind1=" " ind2=" " tag="084">
      <subfield code="a">300</subfield>
      <subfield code="q">DE-101</subfield>
      <subfield code="2">sdnb</subfield>
    </datafield>
    <datafield ind1=" " ind2=" " tag="085">
      <subfield code="8">1\x</subfield>
      <subfield code="b">301</subfield>
    </datafield>
    <datafield ind1=" " ind2=" " tag="085">
      <subfield code="8">1\x</subfield>
      <subfield code="z">1</subfield>
      <subfield code="s">092</subfield>
    </datafield>
    <datafield ind1=" " ind2=" " tag="090">
      <subfield code="a">b</subfield>
    </datafield>
    <datafield ind1="1" ind2=" " tag="100">
      <subfield code="0">(DE-588)13414161X</subfield>
      <subfield code="0">(DE-101)13414161X</subfield>
      <subfield code="a">Bruun, Hans Henrik</subfield>
      <subfield code="d">1943-</subfield>
      <subfield code="4">aut</subfield>
    </datafield>
    <datafield ind1="1" ind2="0" tag="245">
      <subfield code="a">Science, values and politics in Max Weber's methodology</subfield>
      <subfield code="c">Hans Henrik Bruun</subfield>
    </datafield>
    <datafield ind1=" " ind2=" " tag="250">
      <subfield code="a">New expanded ed.</subfield>
    </datafield>
    <datafield ind1=" " ind2=" " tag="259">
      <subfield code="a">neee</subfield>
    </datafield>
    <datafield ind1="3" ind2=" " tag="260">
      <subfield code="a">Aldershot, Hampshire</subfield>
      <subfield code="a">Burlington, Vt.</subfield>
      <subfield code="b">Ashgate</subfield>
      <subfield code="c">2007</subfield>
    </datafield>
    <datafield ind1=" " ind2=" " tag="300">
      <subfield code="a">XIX, 298 S.</subfield>
      <subfield code="c">24 cm</subfield>
    </datafield>
    <datafield ind1="0" ind2=" " tag="490">
      <subfield code="a">Rethinking classical sociology</subfield>
    </datafield>
    <datafield ind1=" " ind2=" " tag="500">
      <subfield code="a">Bibliogr. und Literaturverz. S. 275 - 284</subfield>
    </datafield>
    <datafield ind1="1" ind2="7" tag="600">
      <subfield code="0">(DE-588)118629743</subfield>
      <subfield code="0">(DE-101)118629743</subfield>
      <subfield code="a">Weber, Max</subfield>
      <subfield code="d">1864-1920</subfield>
      <subfield code="2">gnd</subfield>
    </datafield>
    <datafield ind1=" " ind2="7" tag="650">
      <subfield code="0">(DE-588)4077624-4</subfield>
      <subfield code="0">(DE-101)040776247</subfield>
      <subfield code="a">Soziologie</subfield>
      <subfield code="2">gnd</subfield>
    </datafield>
    <datafield ind1=" " ind2="7" tag="650">
      <subfield code="0">(DE-588)4139716-2</subfield>
      <subfield code="0">(DE-101)041397169</subfield>
      <subfield code="a">Methodologie</subfield>
      <subfield code="2">gnd</subfield>
    </datafield>
    <datafield ind1="0" ind2="0" tag="689">
      <subfield code="0">(DE-588)118629743</subfield>
      <subfield code="0">(DE-101)118629743</subfield>
      <subfield code="D">p</subfield>
      <subfield code="a">Weber, Max</subfield>
      <subfield code="d">1864-1920</subfield>
    </datafield>
    <datafield ind1="0" ind2="1" tag="689">
      <subfield code="0">(DE-588)4077624-4</subfield>
      <subfield code="0">(DE-101)040776247</subfield>
      <subfield code="D">s</subfield>
      <subfield code="a">Soziologie</subfield>
    </datafield>
    <datafield ind1="0" ind2="2" tag="689">
      <subfield code="0">(DE-588)4139716-2</subfield>
      <subfield code="0">(DE-101)041397169</subfield>
      <subfield code="D">s</subfield>
      <subfield code="a">Methodologie</subfield>
    </datafield>
    <datafield ind1="0" ind2=" " tag="689">
      <subfield code="5">DE-101</subfield>
      <subfield code="5">DE-101</subfield>
    </datafield>
    <datafield ind1="4" ind2="2" tag="856">
      <subfield code="m">V:DE-605</subfield>
      <subfield code="q">application/pdf</subfield>
      <subfield code="u">http://d-nb.info/984547509/04</subfield>
      <subfield code="3">Inhaltsverzeichnis</subfield>
    </datafield>
    <datafield ind1="r" ind2=" " tag="925">
      <subfield code="a">rg</subfield>
    </datafield>
  </record>