
  <record>
    <leader>01676pam a2200469 c 4500</leader>
    <controlfield tag="001">984687343</controlfield>
    <controlfield tag="003">DE-101</controlfield>
    <controlfield tag="005">20110305201036.0</controlfield>
    <controlfield tag="007">tu</controlfield>
    <controlfield tag="008">070620s2007    gw |||||r|||| 00||||ger  </controlfield>
    <datafield ind1=" " ind2=" " tag="015">
      <subfield code="a">07,A49,0136</subfield>
      <subfield code="z">07,N29,0185</subfield>
      <subfield code="2">dnb</subfield>
    </datafield>
    <datafield ind1="7" ind2=" " tag="016">
      <subfield code="2">DE-101</subfield>
      <subfield code="a">984687343</subfield>
    </datafield>
    <datafield ind1=" " ind2=" " tag="020">
      <subfield code="a">9783540716846</subfield>
      <subfield code="c">Pp. : EUR 39.95, sfr 65.50 (freier Pr.)</subfield>
      <subfield code="9">978-3-540-71684-6</subfield>
    </datafield>
    <datafield ind1=" " ind2=" " tag="020">
      <subfield code="a">354071684X</subfield>
      <subfield code="c">Pp. : EUR 39.95, sfr 65.50 (freier Pr.)</subfield>
      <subfield code="9">3-540-71684-X</subfield>
    </datafield>
    <datafield ind1="3" ind2=" " tag="024">
      <subfield code="a">9783540716846</subfield>
    </datafield>
    <datafield ind1="5" ind2="2" tag="028">
      <subfield code="a">Best.-Nr. 11824473</subfield>
    </datafield>
    <datafield ind1=" " ind2=" " tag="035">
      <subfield code="a">(DE-599)DNB984687343</subfield>
    </datafield>
    <datafield ind1=" " ind2=" " tag="035">
      <subfield code="a">(OCoLC)723726574</subfield>
    </datafield>
    <datafield ind1=" " ind2=" " tag="040">
      <subfield code="a">1145</subfield>
      <subfield code="b">ger</subfield>
      <subfield code="c">DE-101</subfield>
      <subfield code="d">9999</subfield>
      <subfield code="e">rakwb</subfield>
    </datafield>
    <datafield ind1=" " ind2=" " tag="041">
      <subfield code="a">ger</subfield>
    </datafield>
    <datafield ind1=" " ind2=" " tag="044">
      <subfield code="c">XA-DE-BE</subfield>
    </datafield>
    <datafield ind1="0" ind2="4" tag="082">
      <subfield code="8">1\x</subfield>
      <subfield code="a">155.2</subfield>
      <subfield code="q">DE-101</subfield>
      <subfield code="2">22/ger</subfield>
    </datafield>
    <datafield ind1="7" ind2=" " tag="083">
      <subfield code="a">150</subfield>
      <subfield code="q">DE-101</subfield>
      <subfield code="2">22sdnb</subfield>
    </datafield>
    <datafield ind1=" " ind2=" " tag="084">
      <subfield code="a">150</subfield>
      <subfield code="q">DE-101</subfield>
      <subfield code="2">sdnb</subfield>
    </datafield>
    <datafield ind1=" " ind2=" " tag="085">
      <subfield code="8">1\x</subfield>
      <subfield code="b">155.2</subfield>
    </datafield>
    <datafield ind1=" " ind2=" " tag="090">
      <subfield code="a">b</subfield>
    </datafield>
    <datafield ind1="1" ind2=" " tag="100">
      <subfield code="0">(DE-588)110068971</subfield>
      <subfield code="0">(DE-101)110068971</subfield>
      <subfield code="a">Asendorpf, Jens</subfield>
      <subfield code="4">aut</subfield>
    </datafield>
    <datafield ind1="1" ind2="0" tag="245">
      <subfield code="a">Psychologie der Persönlichkeit</subfield>
      <subfield code="b">mit 110 Tabellen</subfield>
      <subfield code="c">Jens B. Asendorpf</subfield>
    </datafield>
    <datafield ind1=" " ind2=" " tag="250">
      <subfield code="a">4., überarb. und aktualisierte Aufl.</subfield>
    </datafield>
    <datafield ind1=" " ind2=" " tag="259">
      <subfield code="a">14</subfield>
    </datafield>
    <datafield ind1="3" ind2=" " tag="260">
      <subfield code="a">Heidelberg</subfield>
      <subfield code="b">Springer</subfield>
      <subfield code="c">2007</subfield>
    </datafield>
    <datafield ind1=" " ind2=" " tag="300">
      <subfield code="a">VII, 527 S.</subfield>
      <subfield code="b">graph. Darst.</subfield>
      <subfield code="c">25 cm, 1440 gr.</subfield>
    </datafield>
    <datafield ind1="0" ind2=" " tag="490">
      <subfield code="a">Springer-Lehrbuch</subfield>
    </datafield>
    <datafield ind1=" " ind2=" " tag="500">
      <subfield code="a">Literaturverz. S. 487 - 515</subfield>
    </datafield>
    <datafield ind1=" " ind2="7" tag="650">
      <subfield code="0">(DE-588)4075996-9</subfield>
      <subfield code="0">(DE-101)040759962</subfield>
      <subfield code="a">Persönlichkeitspsychologie</subfield>
      <subfield code="2">gnd</subfield>
    </datafield>
    <datafield ind1=" " ind2="7" tag="655">
      <subfield code="a">Lehrbuch</subfield>
      <subfield code="2">gnd</subfield>
    </datafield>
    <datafield ind1="0" ind2="0" tag="689">
      <subfield code="0">(DE-588)4075996-9</subfield>
      <subfield code="0">(DE-101)040759962</subfield>
      <subfield code="D">s</subfield>
      <subfield code="a">Persönlichkeitspsychologie</subfield>
    </datafield>
    <datafield ind1="0" ind2="1" tag="689">
      <subfield code="A">f</subfield>
      <subfield code="a">Lehrbuch</subfield>
    </datafield>
    <datafield ind1="0" ind2=" " tag="689">
      <subfield code="5">DE-101</subfield>
      <subfield code="5">DE-101</subfield>
    </datafield>
    <datafield ind1="0" ind2="8" tag="775">
      <subfield code="i">Online-Ausg.</subfield>
      <subfield code="t">Psychologie der Persönlichkeit</subfield>
      <subfield code="w">(DE-101)1010002732</subfield>
    </datafield>
    <datafield ind1="4" ind2="2" tag="856">
      <subfield code="m">V:DE-603</subfield>
      <subfield code="q">application/pdf</subfield>
      <subfield code="u">http://d-nb.info/984687343/04</subfield>
      <subfield code="3">Inhaltsverzeichnis</subfield>
    </datafield>
    <datafield ind1="r" ind2=" " tag="925">
      <subfield code="a">ra</subfield>
    </datafield>
  </record>