
  <record>
    <leader>01709pam a2200433 c 4500</leader>
    <controlfield tag="001">985736364</controlfield>
    <controlfield tag="003">DE-101</controlfield>
    <controlfield tag="005">20120613161023.0</controlfield>
    <controlfield tag="007">tu</controlfield>
    <controlfield tag="008">070918s2008    gw |||||r|||| 00||||ger  </controlfield>
    <datafield ind1=" " ind2=" " tag="015">
      <subfield code="a">08,A16,1015</subfield>
      <subfield code="z">07,N41,0614</subfield>
      <subfield code="2">dnb</subfield>
    </datafield>
    <datafield ind1="7" ind2=" " tag="016">
      <subfield code="2">DE-101</subfield>
      <subfield code="a">985736364</subfield>
    </datafield>
    <datafield ind1=" " ind2=" " tag="020">
      <subfield code="a">9783135225098</subfield>
      <subfield code="c">flexibler Kunststoffeinband : EUR 44.95, sfr 76.00 (freier Pr.)</subfield>
      <subfield code="9">978-3-13-522509-8</subfield>
    </datafield>
    <datafield ind1=" " ind2=" " tag="020">
      <subfield code="a">3135225097</subfield>
      <subfield code="c">flexibler Kunststoffeinband : EUR 44.95, sfr 76.00 (freier Pr.)</subfield>
      <subfield code="9">3-13-522509-7</subfield>
    </datafield>
    <datafield ind1="3" ind2=" " tag="024">
      <subfield code="a">9783135225098</subfield>
    </datafield>
    <datafield ind1=" " ind2=" " tag="035">
      <subfield code="a">(DE-599)DNB985736364</subfield>
    </datafield>
    <datafield ind1=" " ind2=" " tag="035">
      <subfield code="a">(OCoLC)222342564</subfield>
    </datafield>
    <datafield ind1=" " ind2=" " tag="040">
      <subfield code="a">1245</subfield>
      <subfield code="b">ger</subfield>
      <subfield code="c">DE-101</subfield>
      <subfield code="d">1250</subfield>
      <subfield code="e">rakwb</subfield>
    </datafield>
    <datafield ind1=" " ind2=" " tag="041">
      <subfield code="a">ger</subfield>
    </datafield>
    <datafield ind1=" " ind2=" " tag="044">
      <subfield code="c">XA-DE-BW</subfield>
    </datafield>
    <datafield ind1="0" ind2="4" tag="082">
      <subfield code="8">1\x</subfield>
      <subfield code="a">617</subfield>
      <subfield code="q">DE-101</subfield>
      <subfield code="2">22/ger</subfield>
    </datafield>
    <datafield ind1="7" ind2=" " tag="083">
      <subfield code="a">610</subfield>
      <subfield code="q">DE-101</subfield>
      <subfield code="2">22sdnb</subfield>
    </datafield>
    <datafield ind1=" " ind2=" " tag="084">
      <subfield code="a">610</subfield>
      <subfield code="q">DE-101</subfield>
      <subfield code="2">sdnb</subfield>
    </datafield>
    <datafield ind1=" " ind2=" " tag="085">
      <subfield code="8">1\x</subfield>
      <subfield code="b">617</subfield>
    </datafield>
    <datafield ind1=" " ind2=" " tag="090">
      <subfield code="a">b</subfield>
    </datafield>
    <datafield ind1="1" ind2=" " tag="100">
      <subfield code="0">(DE-588)116736720</subfield>
      <subfield code="0">(DE-101)116736720</subfield>
      <subfield code="a">Largiadèr, Felix</subfield>
      <subfield code="d">1930-</subfield>
      <subfield code="4">aut</subfield>
    </datafield>
    <datafield ind1="1" ind2="0" tag="245">
      <subfield code="a">Checkliste Chirurgie</subfield>
      <subfield code="b">198 Tabellen</subfield>
      <subfield code="c">F. Largiadèr ; H. D. Saeger ; O. Trentz. Unter Mitarb. von F. Aigner ... [Zeichn.: Karin Baum]</subfield>
    </datafield>
    <datafield ind1=" " ind2=" " tag="250">
      <subfield code="a">9., vollst. überarb. und erw. Aufl.</subfield>
    </datafield>
    <datafield ind1=" " ind2=" " tag="259">
      <subfield code="a">19</subfield>
    </datafield>
    <datafield ind1="3" ind2=" " tag="260">
      <subfield code="a">Stuttgart</subfield>
      <subfield code="a">New York, NY</subfield>
      <subfield code="b">Thieme</subfield>
      <subfield code="c">2008</subfield>
    </datafield>
    <datafield ind1=" " ind2=" " tag="300">
      <subfield code="a">XVI, 942 S.</subfield>
      <subfield code="b">Ill., graph. Darst.</subfield>
      <subfield code="c">19 cm</subfield>
    </datafield>
    <datafield ind1="0" ind2=" " tag="490">
      <subfield code="a">Checklisten der aktuellen Medizin</subfield>
    </datafield>
    <datafield ind1=" " ind2="7" tag="650">
      <subfield code="0">(DE-588)4009987-8</subfield>
      <subfield code="0">(DE-101)040099873</subfield>
      <subfield code="a">Chirurgie</subfield>
      <subfield code="2">gnd</subfield>
    </datafield>
    <datafield ind1="0" ind2="0" tag="689">
      <subfield code="0">(DE-588)4009987-8</subfield>
      <subfield code="0">(DE-101)040099873</subfield>
      <subfield code="D">s</subfield>
      <subfield code="a">Chirurgie</subfield>
    </datafield>
    <datafield ind1="0" ind2=" " tag="689">
      <subfield code="5">DE-101</subfield>
      <subfield code="5">DE-101</subfield>
    </datafield>
    <datafield ind1="1" ind2=" " tag="700">
      <subfield code="0">(DE-588)108598241</subfield>
      <subfield code="0">(DE-101)108598241</subfield>
      <subfield code="a">Saeger, Hans-Detlev</subfield>
      <subfield code="4">aut</subfield>
    </datafield>
    <datafield ind1="1" ind2=" " tag="700">
      <subfield code="0">(DE-588)122479548</subfield>
      <subfield code="0">(DE-101)122479548</subfield>
      <subfield code="a">Trentz, Otmar</subfield>
      <subfield code="4">aut</subfield>
    </datafield>
    <datafield ind1="4" ind2="2" tag="856">
      <subfield code="m">V:DE-604</subfield>
      <subfield code="q">application/pdf</subfield>
      <subfield code="u">http://d-nb.info/985736364/04</subfield>
      <subfield code="3">Inhaltsverzeichnis</subfield>
    </datafield>
    <datafield ind1="r" ind2=" " tag="925">
      <subfield code="a">ra</subfield>
    </datafield>
  </record>