
  <record>
    <leader>01033pam a2200313 c 4500</leader>
    <controlfield tag="001">986104159</controlfield>
    <controlfield tag="003">DE-101</controlfield>
    <controlfield tag="005">20090915235118.0</controlfield>
    <controlfield tag="007">tu</controlfield>
    <controlfield tag="008">071022s2007    gw |||||r|||| 00||||lat  </controlfield>
    <datafield ind1=" " ind2=" " tag="015">
      <subfield code="a">09,A39,2183</subfield>
      <subfield code="z">07,N46,0396</subfield>
      <subfield code="2">dnb</subfield>
    </datafield>
    <datafield ind1="7" ind2=" " tag="016">
      <subfield code="2">DE-101</subfield>
      <subfield code="a">986104159</subfield>
    </datafield>
    <datafield ind1=" " ind2=" " tag="020">
      <subfield code="a">9783937446097</subfield>
      <subfield code="c">geh. : EUR 5.80</subfield>
      <subfield code="9">978-3-937446-09-7</subfield>
    </datafield>
    <datafield ind1="3" ind2=" " tag="024">
      <subfield code="a">9783937446097</subfield>
    </datafield>
    <datafield ind1=" " ind2=" " tag="035">
      <subfield code="a">(DE-599)DNB986104159</subfield>
    </datafield>
    <datafield ind1=" " ind2=" " tag="035">
      <subfield code="a">(OCoLC)437030434</subfield>
    </datafield>
    <datafield ind1=" " ind2=" " tag="040">
      <subfield code="a">1245</subfield>
      <subfield code="b">ger</subfield>
      <subfield code="c">DE-101</subfield>
      <subfield code="d">9999</subfield>
      <subfield code="e">rakwb</subfield>
    </datafield>
    <datafield ind1=" " ind2=" " tag="041">
      <subfield code="a">lat</subfield>
      <subfield code="a">ger</subfield>
    </datafield>
    <datafield ind1=" " ind2=" " tag="044">
      <subfield code="c">XA-DE-HE</subfield>
    </datafield>
    <datafield ind1="7" ind2="4" tag="082">
      <subfield code="a">S</subfield>
      <subfield code="q">DE-101</subfield>
      <subfield code="2">22sdnb</subfield>
    </datafield>
    <datafield ind1=" " ind2=" " tag="084">
      <subfield code="a">S</subfield>
      <subfield code="q">DE-101</subfield>
      <subfield code="2">sdnb</subfield>
    </datafield>
    <datafield ind1=" " ind2=" " tag="090">
      <subfield code="a">b</subfield>
    </datafield>
    <datafield ind1="1" ind2=" " tag="100">
      <subfield code="0">(DE-588)118518275</subfield>
      <subfield code="0">(DE-101)118518275</subfield>
      <subfield code="a">Caesar, Gaius Iulius</subfield>
      <subfield code="d">v100-v44</subfield>
      <subfield code="4">aut</subfield>
    </datafield>
    <datafield ind1="1" ind2="0" tag="245">
      <subfield code="a">De bello Gallico</subfield>
      <subfield code="b">Lektüreheft ; [repräsentative Auszüge mit Vokabelhilfen, einleitenden Kapiteln und drei Übungsklausuren mit Lösungen]</subfield>
      <subfield code="c">Caesar. [Autor: Beat Hüppin]</subfield>
    </datafield>
    <datafield ind1=" " ind2=" " tag="250">
      <subfield code="a">1. Aufl.</subfield>
    </datafield>
    <datafield ind1=" " ind2=" " tag="259">
      <subfield code="a">11</subfield>
    </datafield>
    <datafield ind1="3" ind2=" " tag="260">
      <subfield code="a">Frankfurt, M.</subfield>
      <subfield code="b">Friedrich</subfield>
      <subfield code="c">2007, c 2007</subfield>
    </datafield>
    <datafield ind1=" " ind2=" " tag="300">
      <subfield code="a">30 S.</subfield>
      <subfield code="b">Ill., Kt.</subfield>
      <subfield code="c">30 cm</subfield>
    </datafield>
    <datafield ind1="r" ind2=" " tag="925">
      <subfield code="a">ra</subfield>
    </datafield>
  </record>