
  <record>
    <leader>01112nam a2200265 c 4500</leader>
    <controlfield tag="001">986136824</controlfield>
    <controlfield tag="003">DE-101</controlfield>
    <controlfield tag="005">20130313081801.0</controlfield>
    <controlfield tag="007">tu</controlfield>
    <controlfield tag="008">071024s1950    fr |||||r|||| 00||||fre  </controlfield>
    <datafield ind1="7" ind2=" " tag="016">
      <subfield code="2">DE-101</subfield>
      <subfield code="a">986136824</subfield>
    </datafield>
    <datafield ind1=" " ind2=" " tag="020">
      <subfield code="c">geh. : ffr 700.00</subfield>
    </datafield>
    <datafield ind1=" " ind2=" " tag="035">
      <subfield code="a">(DE-599)DNB986136824</subfield>
    </datafield>
    <datafield ind1=" " ind2=" " tag="035">
      <subfield code="a">(OCoLC)723970444</subfield>
    </datafield>
    <datafield ind1=" " ind2=" " tag="040">
      <subfield code="a">1131</subfield>
      <subfield code="b">ger</subfield>
      <subfield code="c">DE-101</subfield>
      <subfield code="d">1120</subfield>
      <subfield code="e">rakwb</subfield>
    </datafield>
    <datafield ind1=" " ind2=" " tag="041">
      <subfield code="a">fre</subfield>
      <subfield code="h">eng</subfield>
    </datafield>
    <datafield ind1=" " ind2=" " tag="044">
      <subfield code="c">XA-FR</subfield>
    </datafield>
    <datafield ind1="1" ind2=" " tag="100">
      <subfield code="0">(DE-588)118531573</subfield>
      <subfield code="0">(DE-101)118531573</subfield>
      <subfield code="a">Eysenck, Hans Jürgen</subfield>
      <subfield code="d">1916-1997</subfield>
      <subfield code="4">aut</subfield>
    </datafield>
    <datafield ind1="1" ind2="0" tag="245">
      <subfield code="a">Les dimensions de la personnalité</subfield>
      <subfield code="c">par H. J. Eysenck. Avec la collab. de H. T. Himmelweit ... Trad. d'après la 2e éd. anglaise par D. Mazé</subfield>
    </datafield>
    <datafield ind1="3" ind2=" " tag="260">
      <subfield code="a">Paris</subfield>
      <subfield code="b">Presses Univ. de France</subfield>
      <subfield code="c">1950</subfield>
    </datafield>
    <datafield ind1=" " ind2=" " tag="300">
      <subfield code="a">VIII, 314 S.</subfield>
      <subfield code="b">graph. Darst.</subfield>
      <subfield code="c">23 cm</subfield>
    </datafield>
    <datafield ind1="0" ind2=" " tag="490">
      <subfield code="a">Bibliothèque scientifique internationale : Sciences humaines, section psychologie</subfield>
    </datafield>
    <datafield ind1="0" ind2=" " tag="730">
      <subfield code="a">Dimensions of personality</subfield>
      <subfield code="g">franz.</subfield>
    </datafield>
    <datafield ind1="0" ind2="8" tag="775">
      <subfield code="i">Online-Ausg.</subfield>
      <subfield code="a">Eysenck, Hans Jürgen</subfield>
      <subfield code="t">Dimensions of personality &lt;franz.&gt;</subfield>
      <subfield code="w">(DE-101)1032260033</subfield>
    </datafield>
    <datafield ind1="4" ind2="2" tag="856">
      <subfield code="m">B:DE-101</subfield>
      <subfield code="q">application/pdf</subfield>
      <subfield code="u">http://d-nb.info/986136824/04</subfield>
      <subfield code="3">Inhaltsverzeichnis</subfield>
    </datafield>
  </record>