
  <record>
    <leader>01676nam a2200445 c 4500</leader>
    <controlfield tag="001">98620255X</controlfield>
    <controlfield tag="003">DE-101</controlfield>
    <controlfield tag="005">20100213140856.0</controlfield>
    <controlfield tag="007">tu</controlfield>
    <controlfield tag="008">071030s2007    gw |||||r|||| 00||||ger  </controlfield>
    <datafield ind1=" " ind2=" " tag="015">
      <subfield code="a">08,A04,0148</subfield>
      <subfield code="2">dnb</subfield>
    </datafield>
    <datafield ind1="7" ind2=" " tag="016">
      <subfield code="2">DE-101</subfield>
      <subfield code="a">98620255X</subfield>
    </datafield>
    <datafield ind1=" " ind2=" " tag="020">
      <subfield code="a">9783825282967 (UTB)</subfield>
      <subfield code="c"> kart. : EUR 24.90</subfield>
      <subfield code="9">978-3-8252-8296-7</subfield>
    </datafield>
    <datafield ind1=" " ind2=" " tag="020">
      <subfield code="a">9783497019564 (Reinhardt)</subfield>
      <subfield code="c"> kart. : EUR 24.90</subfield>
      <subfield code="9">978-3-497-01956-4</subfield>
    </datafield>
    <datafield ind1=" " ind2=" " tag="035">
      <subfield code="a">(DE-599)DNB98620255X</subfield>
    </datafield>
    <datafield ind1=" " ind2=" " tag="035">
      <subfield code="a">(OCoLC)198216875</subfield>
    </datafield>
    <datafield ind1=" " ind2=" " tag="040">
      <subfield code="a">1239</subfield>
      <subfield code="b">ger</subfield>
      <subfield code="c">DE-101</subfield>
      <subfield code="d">9999</subfield>
      <subfield code="e">rakwb</subfield>
    </datafield>
    <datafield ind1=" " ind2=" " tag="041">
      <subfield code="a">ger</subfield>
    </datafield>
    <datafield ind1=" " ind2=" " tag="044">
      <subfield code="c">XA-DE</subfield>
      <subfield code="c">XA-CH</subfield>
    </datafield>
    <datafield ind1="0" ind2="4" tag="082">
      <subfield code="8">1\x</subfield>
      <subfield code="a">150.243613</subfield>
      <subfield code="q">DE-101</subfield>
      <subfield code="2">22/ger</subfield>
    </datafield>
    <datafield ind1="7" ind2=" " tag="083">
      <subfield code="a">150</subfield>
      <subfield code="q">DE-101</subfield>
      <subfield code="2">22sdnb</subfield>
    </datafield>
    <datafield ind1=" " ind2=" " tag="084">
      <subfield code="a">150</subfield>
      <subfield code="q">DE-101</subfield>
      <subfield code="2">sdnb</subfield>
    </datafield>
    <datafield ind1=" " ind2=" " tag="085">
      <subfield code="8">1\x</subfield>
      <subfield code="b">150.2</subfield>
    </datafield>
    <datafield ind1=" " ind2=" " tag="085">
      <subfield code="8">1\x</subfield>
      <subfield code="s">361.3</subfield>
    </datafield>
    <datafield ind1=" " ind2=" " tag="085">
      <subfield code="8">1\x</subfield>
      <subfield code="z">1</subfield>
      <subfield code="s">024</subfield>
    </datafield>
    <datafield ind1=" " ind2=" " tag="090">
      <subfield code="a">b</subfield>
    </datafield>
    <datafield ind1="1" ind2="0" tag="245">
      <subfield code="a">Psychologie</subfield>
      <subfield code="b">Grundlagen und Perspektiven für die soziale Arbeit</subfield>
      <subfield code="c">Hans-Peter Langfeldt/Werner Nothdurft. Unter Mitarb. von Elisabeth Baumgartner ...</subfield>
    </datafield>
    <datafield ind1=" " ind2=" " tag="250">
      <subfield code="a">4., überarb. Aufl.</subfield>
    </datafield>
    <datafield ind1=" " ind2=" " tag="259">
      <subfield code="a">14</subfield>
    </datafield>
    <datafield ind1="3" ind2=" " tag="260">
      <subfield code="a">München</subfield>
      <subfield code="a">Basel</subfield>
      <subfield code="b">E. Reinhardt</subfield>
      <subfield code="c">2007</subfield>
    </datafield>
    <datafield ind1=" " ind2=" " tag="300">
      <subfield code="a">308 S.</subfield>
      <subfield code="b">Ill., graph. Darst.</subfield>
      <subfield code="c">24 cm</subfield>
    </datafield>
    <datafield ind1="1" ind2=" " tag="490">
      <subfield code="a">UTB</subfield>
      <subfield code="v">8296</subfield>
    </datafield>
    <datafield ind1=" " ind2=" " tag="500">
      <subfield code="a">Literaturverz. S. 297 - 303. - 3. Aufl.: Reihe Studienbücher für soziale Berufe ; Bd. 5</subfield>
    </datafield>
    <datafield ind1=" " ind2="7" tag="650">
      <subfield code="0">(DE-588)4047704-6</subfield>
      <subfield code="0">(DE-101)040477045</subfield>
      <subfield code="a">Psychologie</subfield>
      <subfield code="2">gnd</subfield>
    </datafield>
    <datafield ind1="0" ind2="0" tag="689">
      <subfield code="0">(DE-588)4047704-6</subfield>
      <subfield code="0">(DE-101)040477045</subfield>
      <subfield code="D">s</subfield>
      <subfield code="a">Psychologie</subfield>
    </datafield>
    <datafield ind1="0" ind2=" " tag="689">
      <subfield code="5">DE-101</subfield>
      <subfield code="5">DE-101</subfield>
    </datafield>
    <datafield ind1="1" ind2=" " tag="700">
      <subfield code="0">(DE-588)120414511</subfield>
      <subfield code="0">(DE-101)120414511</subfield>
      <subfield code="a">Langfeldt, Hans-Peter</subfield>
      <subfield code="d">1943-</subfield>
      <subfield code="4">cre</subfield>
    </datafield>
    <datafield ind1=" " ind2="0" tag="830">
      <subfield code="a">UTB</subfield>
      <subfield code="v">8296</subfield>
      <subfield code="w">(DE-101)01513430X</subfield>
      <subfield code="w">(DE-600)972280-4</subfield>
      <subfield code="9">48296</subfield>
    </datafield>
    <datafield ind1="4" ind2="2" tag="856">
      <subfield code="m">V:DE-603</subfield>
      <subfield code="q">application/pdf</subfield>
      <subfield code="u">http://d-nb.info/98620255X/04</subfield>
      <subfield code="3">Inhaltsverzeichnis</subfield>
    </datafield>
    <datafield ind1="r" ind2=" " tag="925">
      <subfield code="a">ra</subfield>
    </datafield>
  </record>