
  <record>
    <leader>01503pam a2200397 c 4500</leader>
    <controlfield tag="001">986482811</controlfield>
    <controlfield tag="003">DE-101</controlfield>
    <controlfield tag="005">20080429235245.0</controlfield>
    <controlfield tag="007">tu</controlfield>
    <controlfield tag="008">071121s2008    au |||||r|||| 00||||ger  </controlfield>
    <datafield ind1=" " ind2=" " tag="015">
      <subfield code="a">08,A19,0599</subfield>
      <subfield code="z">07,N50,0389</subfield>
      <subfield code="2">dnb</subfield>
    </datafield>
    <datafield ind1="7" ind2=" " tag="016">
      <subfield code="2">DE-101</subfield>
      <subfield code="a">986482811</subfield>
    </datafield>
    <datafield ind1=" " ind2=" " tag="020">
      <subfield code="a">9783552060722</subfield>
      <subfield code="c">kart. : ca. EUR 19.90 (DE), ca. EUR 20.50 (AT), ca. sfr 38.90 (freier Pr.)</subfield>
      <subfield code="9">978-3-552-06072-2</subfield>
    </datafield>
    <datafield ind1=" " ind2=" " tag="020">
      <subfield code="a">3552060723</subfield>
      <subfield code="c">kart. : ca. EUR 19.90 (DE), ca. EUR 20.50 (AT), ca. sfr 38.90 (freier Pr.)</subfield>
      <subfield code="9">3-552-06072-3</subfield>
    </datafield>
    <datafield ind1="3" ind2=" " tag="024">
      <subfield code="a">9783552060722</subfield>
    </datafield>
    <datafield ind1=" " ind2=" " tag="035">
      <subfield code="a">(DE-599)DNB986482811</subfield>
    </datafield>
    <datafield ind1=" " ind2=" " tag="035">
      <subfield code="a">(OCoLC)227007175</subfield>
    </datafield>
    <datafield ind1=" " ind2=" " tag="040">
      <subfield code="a">1145</subfield>
      <subfield code="b">ger</subfield>
      <subfield code="c">DE-101</subfield>
      <subfield code="d">9999</subfield>
      <subfield code="e">rakwb</subfield>
    </datafield>
    <datafield ind1=" " ind2=" " tag="041">
      <subfield code="a">ger</subfield>
    </datafield>
    <datafield ind1=" " ind2=" " tag="044">
      <subfield code="c">XA-AT</subfield>
    </datafield>
    <datafield ind1="0" ind2="4" tag="082">
      <subfield code="8">1\x</subfield>
      <subfield code="a">330.126</subfield>
      <subfield code="q">DE-101</subfield>
      <subfield code="2">22/ger</subfield>
    </datafield>
    <datafield ind1="7" ind2=" " tag="083">
      <subfield code="a">330</subfield>
      <subfield code="q">DE-101</subfield>
      <subfield code="2">22sdnb</subfield>
    </datafield>
    <datafield ind1=" " ind2=" " tag="084">
      <subfield code="a">330</subfield>
      <subfield code="q">DE-101</subfield>
      <subfield code="2">sdnb</subfield>
    </datafield>
    <datafield ind1=" " ind2=" " tag="085">
      <subfield code="8">1\x</subfield>
      <subfield code="b">330.126</subfield>
    </datafield>
    <datafield ind1=" " ind2=" " tag="090">
      <subfield code="a">b</subfield>
    </datafield>
    <datafield ind1="1" ind2=" " tag="100">
      <subfield code="0">(DE-588)123071844</subfield>
      <subfield code="0">(DE-101)123071844</subfield>
      <subfield code="a">Felber, Christian</subfield>
      <subfield code="d">1972-</subfield>
      <subfield code="4">aut</subfield>
    </datafield>
    <datafield ind1="1" ind2="0" tag="245">
      <subfield code="a">Neue Werte für die Wirtschaft</subfield>
      <subfield code="b">eine Alternative zu Kommunismus und Kapitalismus</subfield>
      <subfield code="c">Christian Felber</subfield>
    </datafield>
    <datafield ind1="3" ind2=" " tag="260">
      <subfield code="a">Wien</subfield>
      <subfield code="b">Deuticke</subfield>
      <subfield code="c">2008</subfield>
    </datafield>
    <datafield ind1=" " ind2=" " tag="300">
      <subfield code="a">330 S.</subfield>
      <subfield code="c">21 cm</subfield>
    </datafield>
    <datafield ind1=" " ind2=" " tag="500">
      <subfield code="a">Literaturverz. S. 329 - [331]</subfield>
    </datafield>
    <datafield ind1=" " ind2="7" tag="650">
      <subfield code="0">(DE-588)4120871-7</subfield>
      <subfield code="0">(DE-101)041208714</subfield>
      <subfield code="a">Alternative Wirtschaft</subfield>
      <subfield code="2">gnd</subfield>
    </datafield>
    <datafield ind1=" " ind2="7" tag="650">
      <subfield code="0">(DE-588)4122121-7</subfield>
      <subfield code="0">(DE-101)041221214</subfield>
      <subfield code="a">Dritter Weg</subfield>
      <subfield code="2">gnd</subfield>
    </datafield>
    <datafield ind1="0" ind2="0" tag="689">
      <subfield code="0">(DE-588)4120871-7</subfield>
      <subfield code="0">(DE-101)041208714</subfield>
      <subfield code="D">s</subfield>
      <subfield code="a">Alternative Wirtschaft</subfield>
    </datafield>
    <datafield ind1="0" ind2="1" tag="689">
      <subfield code="0">(DE-588)4122121-7</subfield>
      <subfield code="0">(DE-101)041221214</subfield>
      <subfield code="D">s</subfield>
      <subfield code="a">Dritter Weg</subfield>
    </datafield>
    <datafield ind1="0" ind2=" " tag="689">
      <subfield code="5">DE-101</subfield>
      <subfield code="5">DE-101</subfield>
    </datafield>
    <datafield ind1="r" ind2=" " tag="925">
      <subfield code="a">ra</subfield>
    </datafield>
  </record>