
  <record>
    <leader>02489pam a2200493 c 4500</leader>
    <controlfield tag="001">986680206</controlfield>
    <controlfield tag="003">DE-101</controlfield>
    <controlfield tag="005">20091006235020.0</controlfield>
    <controlfield tag="007">tu</controlfield>
    <controlfield tag="008">071204s2008    gw |||||r|||| 00||||ger  </controlfield>
    <datafield ind1=" " ind2=" " tag="015">
      <subfield code="a">09,A42,1591</subfield>
      <subfield code="z">08,N02,2426</subfield>
      <subfield code="2">dnb</subfield>
    </datafield>
    <datafield ind1="7" ind2=" " tag="016">
      <subfield code="2">DE-101</subfield>
      <subfield code="a">986680206</subfield>
    </datafield>
    <datafield ind1=" " ind2=" " tag="020">
      <subfield code="a">9783897849907</subfield>
      <subfield code="c">kart. : EUR 29.90</subfield>
      <subfield code="9">978-3-89784-990-7</subfield>
    </datafield>
    <datafield ind1="3" ind2=" " tag="024">
      <subfield code="a">9783897849907</subfield>
    </datafield>
    <datafield ind1=" " ind2=" " tag="035">
      <subfield code="a">(DE-599)DNB986680206</subfield>
    </datafield>
    <datafield ind1=" " ind2=" " tag="035">
      <subfield code="a">(OCoLC)263705192</subfield>
    </datafield>
    <datafield ind1=" " ind2=" " tag="040">
      <subfield code="a">1245</subfield>
      <subfield code="b">ger</subfield>
      <subfield code="c">DE-101</subfield>
      <subfield code="d">9999</subfield>
      <subfield code="e">rakwb</subfield>
    </datafield>
    <datafield ind1=" " ind2=" " tag="041">
      <subfield code="a">ger</subfield>
    </datafield>
    <datafield ind1=" " ind2=" " tag="044">
      <subfield code="c">XA-DE-HE</subfield>
    </datafield>
    <datafield ind1="0" ind2="4" tag="082">
      <subfield code="8">1\x</subfield>
      <subfield code="a">796.071</subfield>
      <subfield code="q">DE-101</subfield>
      <subfield code="2">22/ger</subfield>
    </datafield>
    <datafield ind1="7" ind2=" " tag="083">
      <subfield code="a">796</subfield>
      <subfield code="q">DE-101</subfield>
      <subfield code="2">22sdnb</subfield>
    </datafield>
    <datafield ind1=" " ind2=" " tag="084">
      <subfield code="a">796</subfield>
      <subfield code="q">DE-101</subfield>
      <subfield code="2">sdnb</subfield>
    </datafield>
    <datafield ind1=" " ind2=" " tag="085">
      <subfield code="8">1\x</subfield>
      <subfield code="b">796.071</subfield>
    </datafield>
    <datafield ind1=" " ind2=" " tag="090">
      <subfield code="a">b</subfield>
    </datafield>
    <datafield ind1="1" ind2=" " tag="100">
      <subfield code="0">(DE-588)112173381</subfield>
      <subfield code="0">(DE-101)112173381</subfield>
      <subfield code="a">Emrich, Eike</subfield>
      <subfield code="d">1957-</subfield>
      <subfield code="4">aut</subfield>
    </datafield>
    <datafield ind1="1" ind2="0" tag="245">
      <subfield code="a">Übungsleiter und Trainer als Werte(ver)mittler</subfield>
      <subfield code="b">eine Handreichung für die olympische Erziehung in Sportorganisationen und Schulen ; theoretische Diskussion und praktische Implikationen zu einem Projekt des Landessportbundes Rheinland-Pfalz im Rahmen des Europäischen Jahres der Erziehung durch Sport (EJES) 2004, durchgeführt in Burgund, Luxemburg, Ostbelgien und Rheinland-Pfalz</subfield>
      <subfield code="c">Eike Emrich &amp; Stephanie Klein. Unter Mitarb. von Werner Pitsch ... Universität des Saarlandes, Sportwissenschaftliches Institut, Lehrstuhl für Sportökonomie und -soziologie</subfield>
    </datafield>
    <datafield ind1="1" ind2="3" tag="246">
      <subfield code="a">Übungsleiter und Trainer als Wertevermittler</subfield>
    </datafield>
    <datafield ind1="1" ind2="3" tag="246">
      <subfield code="a">Übungsleiter und Trainer als Wertemittler</subfield>
    </datafield>
    <datafield ind1="3" ind2=" " tag="260">
      <subfield code="a">Kassel</subfield>
      <subfield code="b">Agon-Sportverl.</subfield>
      <subfield code="c">2008</subfield>
    </datafield>
    <datafield ind1=" " ind2=" " tag="300">
      <subfield code="a">243 S.</subfield>
      <subfield code="b">graph. Darst.</subfield>
      <subfield code="c">21 cm</subfield>
    </datafield>
    <datafield ind1="1" ind2=" " tag="490">
      <subfield code="a">Olympische Studien</subfield>
      <subfield code="v">Bd. 9</subfield>
    </datafield>
    <datafield ind1=" " ind2=" " tag="500">
      <subfield code="a">Literatur- und URL-Angaben</subfield>
    </datafield>
    <datafield ind1=" " ind2="7" tag="650">
      <subfield code="0">(DE-588)4172565-7</subfield>
      <subfield code="0">(DE-101)041725654</subfield>
      <subfield code="a">Olympische Idee</subfield>
      <subfield code="2">gnd</subfield>
    </datafield>
    <datafield ind1=" " ind2="7" tag="650">
      <subfield code="0">(DE-588)4132695-7</subfield>
      <subfield code="0">(DE-101)041326954</subfield>
      <subfield code="a">Wertorientierung</subfield>
      <subfield code="2">gnd</subfield>
    </datafield>
    <datafield ind1=" " ind2="7" tag="650">
      <subfield code="0">(DE-588)4060595-4</subfield>
      <subfield code="0">(DE-101)040605957</subfield>
      <subfield code="a">Training</subfield>
      <subfield code="2">gnd</subfield>
    </datafield>
    <datafield ind1="0" ind2="0" tag="689">
      <subfield code="0">(DE-588)4172565-7</subfield>
      <subfield code="0">(DE-101)041725654</subfield>
      <subfield code="D">s</subfield>
      <subfield code="a">Olympische Idee</subfield>
    </datafield>
    <datafield ind1="0" ind2="1" tag="689">
      <subfield code="0">(DE-588)4132695-7</subfield>
      <subfield code="0">(DE-101)041326954</subfield>
      <subfield code="D">s</subfield>
      <subfield code="a">Wertorientierung</subfield>
    </datafield>
    <datafield ind1="0" ind2="2" tag="689">
      <subfield code="0">(DE-588)4060595-4</subfield>
      <subfield code="0">(DE-101)040605957</subfield>
      <subfield code="D">s</subfield>
      <subfield code="a">Training</subfield>
    </datafield>
    <datafield ind1="0" ind2=" " tag="689">
      <subfield code="5">DE-101</subfield>
      <subfield code="5">DE-101</subfield>
    </datafield>
    <datafield ind1="1" ind2=" " tag="700">
      <subfield code="0">(DE-588)139323252</subfield>
      <subfield code="0">(DE-101)139323252</subfield>
      <subfield code="a">Klein, Stephanie</subfield>
      <subfield code="4">aut</subfield>
    </datafield>
    <datafield ind1=" " ind2="0" tag="830">
      <subfield code="a">Olympische Studien</subfield>
      <subfield code="v">Bd. 9</subfield>
      <subfield code="w">(DE-101)979200245</subfield>
      <subfield code="w">(DE-600)2229742-X</subfield>
      <subfield code="9">19</subfield>
    </datafield>
    <datafield ind1="4" ind2="2" tag="856">
      <subfield code="m">B:DE-101</subfield>
      <subfield code="q">application/pdf</subfield>
      <subfield code="u">http://d-nb.info/986680206/04</subfield>
      <subfield code="3">Inhaltsverzeichnis</subfield>
    </datafield>
    <datafield ind1="4" ind2="2" tag="856">
      <subfield code="m">X:MVB</subfield>
      <subfield code="q">text/html</subfield>
      <subfield code="u">http://deposit.d-nb.de/cgi-bin/dokserv?id=3037936&amp;prov=M&amp;dok_var=1&amp;dok_ext=htm</subfield>
      <subfield code="3">Inhaltstext</subfield>
    </datafield>
    <datafield ind1="r" ind2=" " tag="925">
      <subfield code="a">ra</subfield>
    </datafield>
  </record>