
  <record>
    <leader>00667nas a22001938c 4500</leader>
    <controlfield tag="001">986893161</controlfield>
    <controlfield tag="003">DE-101</controlfield>
    <controlfield tag="005">20090118150931.0</controlfield>
    <controlfield tag="007">tu</controlfield>
    <controlfield tag="008">071217c20079999|||u||p|r ||| 0||||0||| c</controlfield>
    <datafield ind1="7" ind2=" " tag="016">
      <subfield code="2">DE-101</subfield>
      <subfield code="a">986893161</subfield>
    </datafield>
    <datafield ind1="7" ind2=" " tag="016">
      <subfield code="2">DE-600</subfield>
      <subfield code="a">2401716-4</subfield>
    </datafield>
    <datafield ind1=" " ind2=" " tag="035">
      <subfield code="a">(DE-599)ZDB2401716-4</subfield>
    </datafield>
    <datafield ind1=" " ind2=" " tag="040">
      <subfield code="a">1141</subfield>
      <subfield code="b">ger</subfield>
      <subfield code="c">DE-101</subfield>
      <subfield code="d">9999</subfield>
    </datafield>
    <datafield ind1="7" ind2="4" tag="082">
      <subfield code="a">792</subfield>
      <subfield code="q">DE-600</subfield>
      <subfield code="2">22sdnb</subfield>
    </datafield>
    <datafield ind1=" " ind2=" " tag="084">
      <subfield code="a">792</subfield>
      <subfield code="q">DE-600</subfield>
      <subfield code="2">sdnb</subfield>
    </datafield>
    <datafield ind1="1" ind2="0" tag="245">
      <subfield code="a">Die drei Musketiere</subfield>
      <subfield code="b">ein Mantel- und Degenstück</subfield>
      <subfield code="c">Theater Rudolstadt, Thüringer Landestheater Rudolstadt - Thüringer Symphoniker Saalfeld-Rudolstadt GmbH</subfield>
    </datafield>
    <datafield ind1="3" ind2=" " tag="260">
      <subfield code="a">Rudolstadt</subfield>
      <subfield code="b">Thüringer Landestheater</subfield>
    </datafield>
    <datafield ind1="0" ind2=" " tag="362">
      <subfield code="a">Nachgewiesen Spielzeit 2006/07(2007) -</subfield>
    </datafield>
  </record>