
  <record>
    <leader>01775nam a2200481 c 4500</leader>
    <controlfield tag="001">987426028</controlfield>
    <controlfield tag="003">DE-101</controlfield>
    <controlfield tag="005">20090310235058.0</controlfield>
    <controlfield tag="007">tu</controlfield>
    <controlfield tag="008">080205s2008    gw |||||r|||| 00||||ger  </controlfield>
    <datafield ind1=" " ind2=" " tag="015">
      <subfield code="a">09,A12,0914</subfield>
      <subfield code="2">dnb</subfield>
    </datafield>
    <datafield ind1="7" ind2=" " tag="016">
      <subfield code="2">DE-101</subfield>
      <subfield code="a">987426028</subfield>
    </datafield>
    <datafield ind1=" " ind2=" " tag="020">
      <subfield code="a">9783828952652</subfield>
      <subfield code="c">Pp. : EUR 7.95</subfield>
      <subfield code="9">978-3-8289-5265-2</subfield>
    </datafield>
    <datafield ind1=" " ind2=" " tag="035">
      <subfield code="a">(DE-599)DNB987426028</subfield>
    </datafield>
    <datafield ind1=" " ind2=" " tag="035">
      <subfield code="a">(OCoLC)314717666</subfield>
    </datafield>
    <datafield ind1=" " ind2=" " tag="040">
      <subfield code="a">1249</subfield>
      <subfield code="b">ger</subfield>
      <subfield code="c">DE-101</subfield>
      <subfield code="d">9999</subfield>
      <subfield code="e">rakwb</subfield>
    </datafield>
    <datafield ind1=" " ind2=" " tag="041">
      <subfield code="a">ger</subfield>
    </datafield>
    <datafield ind1=" " ind2=" " tag="044">
      <subfield code="c">XA-DE</subfield>
    </datafield>
    <datafield ind1="0" ind2="4" tag="082">
      <subfield code="8">1\x</subfield>
      <subfield code="a">615.321</subfield>
      <subfield code="q">DE-101</subfield>
      <subfield code="2">22/ger</subfield>
    </datafield>
    <datafield ind1="7" ind2=" " tag="083">
      <subfield code="a">610</subfield>
      <subfield code="a">640</subfield>
      <subfield code="q">DE-101</subfield>
      <subfield code="2">22sdnb</subfield>
    </datafield>
    <datafield ind1=" " ind2=" " tag="084">
      <subfield code="a">610</subfield>
      <subfield code="a">640</subfield>
      <subfield code="q">DE-101</subfield>
      <subfield code="2">sdnb</subfield>
    </datafield>
    <datafield ind1=" " ind2=" " tag="085">
      <subfield code="8">1\x</subfield>
      <subfield code="b">615.321</subfield>
    </datafield>
    <datafield ind1=" " ind2=" " tag="090">
      <subfield code="a">b</subfield>
    </datafield>
    <datafield ind1="1" ind2=" " tag="100">
      <subfield code="0">(DE-588)122332954</subfield>
      <subfield code="0">(DE-101)122332954</subfield>
      <subfield code="a">Bankhofer, Hademar</subfield>
      <subfield code="d">1941-</subfield>
      <subfield code="4">aut</subfield>
    </datafield>
    <datafield ind1="1" ind2="0" tag="245">
      <subfield code="a">Hademar Bankhofers Kräuterbuch für die Gesundheit</subfield>
      <subfield code="b">die heilende Kraft der Küchenkräuter, Kräuterliköre &amp; -schnäpse</subfield>
    </datafield>
    <datafield ind1="1" ind2="9" tag="246">
      <subfield code="a">Kräuterbuch für die Gesundheit</subfield>
    </datafield>
    <datafield ind1="3" ind2=" " tag="260">
      <subfield code="a">Augsburg</subfield>
      <subfield code="b">Weltbild</subfield>
      <subfield code="c">2008</subfield>
    </datafield>
    <datafield ind1=" " ind2=" " tag="300">
      <subfield code="a">200 S.</subfield>
      <subfield code="b">Ill.</subfield>
      <subfield code="c">22 cm</subfield>
    </datafield>
    <datafield ind1=" " ind2=" " tag="500">
      <subfield code="a">Lizenz des Kneipp-Verl., Leoben</subfield>
    </datafield>
    <datafield ind1=" " ind2="7" tag="650">
      <subfield code="0">(DE-588)4191454-5</subfield>
      <subfield code="0">(DE-101)041914546</subfield>
      <subfield code="a">Küchenkräuter</subfield>
      <subfield code="2">gnd</subfield>
    </datafield>
    <datafield ind1=" " ind2="7" tag="650">
      <subfield code="0">(DE-588)4288415-9</subfield>
      <subfield code="0">(DE-101)042884152</subfield>
      <subfield code="a">Naturheilmittel</subfield>
      <subfield code="2">gnd</subfield>
    </datafield>
    <datafield ind1=" " ind2="7" tag="650">
      <subfield code="0">(DE-588)4191454-5</subfield>
      <subfield code="0">(DE-101)041914546</subfield>
      <subfield code="a">Küchenkräuter</subfield>
      <subfield code="2">gnd</subfield>
    </datafield>
    <datafield ind1=" " ind2="7" tag="655">
      <subfield code="a">Ratgeber</subfield>
      <subfield code="2">gnd</subfield>
    </datafield>
    <datafield ind1=" " ind2="7" tag="655">
      <subfield code="a">Kochbuch</subfield>
      <subfield code="2">gnd</subfield>
    </datafield>
    <datafield ind1="0" ind2="0" tag="689">
      <subfield code="0">(DE-588)4191454-5</subfield>
      <subfield code="0">(DE-101)041914546</subfield>
      <subfield code="D">s</subfield>
      <subfield code="a">Küchenkräuter</subfield>
    </datafield>
    <datafield ind1="0" ind2="1" tag="689">
      <subfield code="0">(DE-588)4288415-9</subfield>
      <subfield code="0">(DE-101)042884152</subfield>
      <subfield code="D">s</subfield>
      <subfield code="a">Naturheilmittel</subfield>
    </datafield>
    <datafield ind1="0" ind2="2" tag="689">
      <subfield code="A">f</subfield>
      <subfield code="a">Ratgeber</subfield>
    </datafield>
    <datafield ind1="0" ind2=" " tag="689">
      <subfield code="5">DE-101</subfield>
      <subfield code="5">DE-101</subfield>
    </datafield>
    <datafield ind1="1" ind2="0" tag="689">
      <subfield code="0">(DE-588)4191454-5</subfield>
      <subfield code="0">(DE-101)041914546</subfield>
      <subfield code="D">s</subfield>
      <subfield code="a">Küchenkräuter</subfield>
    </datafield>
    <datafield ind1="1" ind2="1" tag="689">
      <subfield code="A">f</subfield>
      <subfield code="a">Kochbuch</subfield>
    </datafield>
    <datafield ind1="1" ind2=" " tag="689">
      <subfield code="5">DE-101</subfield>
      <subfield code="5">DE-101</subfield>
    </datafield>
    <datafield ind1="4" ind2="2" tag="856">
      <subfield code="m">B:DE-101</subfield>
      <subfield code="q">application/pdf</subfield>
      <subfield code="u">http://d-nb.info/987426028/04</subfield>
      <subfield code="3">Inhaltsverzeichnis</subfield>
    </datafield>
    <datafield ind1="r" ind2=" " tag="925">
      <subfield code="a">ra</subfield>
    </datafield>
  </record>