
  <record>
    <leader>01606pam a2200433 c 4500</leader>
    <controlfield tag="001">989184048</controlfield>
    <controlfield tag="003">DE-101</controlfield>
    <controlfield tag="005">20080916235228.0</controlfield>
    <controlfield tag="007">tu</controlfield>
    <controlfield tag="008">080613s2008    gw |||||r|||| 00||||ger  </controlfield>
    <datafield ind1=" " ind2=" " tag="015">
      <subfield code="a">08,A39,0164</subfield>
      <subfield code="z">08,N27,0108</subfield>
      <subfield code="2">dnb</subfield>
    </datafield>
    <datafield ind1="7" ind2=" " tag="016">
      <subfield code="2">DE-101</subfield>
      <subfield code="a">989184048</subfield>
    </datafield>
    <datafield ind1=" " ind2=" " tag="020">
      <subfield code="a">9783899941845</subfield>
      <subfield code="c">kart. : EUR 8.90, sfr 16.90 (freier Pr.)</subfield>
      <subfield code="9">978-3-89994-184-5</subfield>
    </datafield>
    <datafield ind1="3" ind2=" " tag="024">
      <subfield code="a">9783899941845</subfield>
    </datafield>
    <datafield ind1="5" ind2="2" tag="028">
      <subfield code="a">Best.-Nr. 40184</subfield>
    </datafield>
    <datafield ind1=" " ind2=" " tag="035">
      <subfield code="a">(DE-599)DNB989184048</subfield>
    </datafield>
    <datafield ind1=" " ind2=" " tag="035">
      <subfield code="a">(OCoLC)253499985</subfield>
    </datafield>
    <datafield ind1=" " ind2=" " tag="040">
      <subfield code="a">1245</subfield>
      <subfield code="b">ger</subfield>
      <subfield code="c">DE-101</subfield>
      <subfield code="d">9999</subfield>
      <subfield code="e">rakwb</subfield>
    </datafield>
    <datafield ind1=" " ind2=" " tag="041">
      <subfield code="a">ger</subfield>
    </datafield>
    <datafield ind1=" " ind2=" " tag="044">
      <subfield code="c">XA-DE-NI</subfield>
    </datafield>
    <datafield ind1="0" ind2="4" tag="082">
      <subfield code="8">1\x</subfield>
      <subfield code="a">155.282</subfield>
      <subfield code="q">DE-101</subfield>
      <subfield code="2">22/ger</subfield>
    </datafield>
    <datafield ind1="7" ind2=" " tag="083">
      <subfield code="a">150</subfield>
      <subfield code="q">DE-101</subfield>
      <subfield code="2">22sdnb</subfield>
    </datafield>
    <datafield ind1=" " ind2=" " tag="084">
      <subfield code="a">150</subfield>
      <subfield code="q">DE-101</subfield>
      <subfield code="2">sdnb</subfield>
    </datafield>
    <datafield ind1=" " ind2=" " tag="085">
      <subfield code="8">1\x</subfield>
      <subfield code="b">155.282</subfield>
    </datafield>
    <datafield ind1=" " ind2=" " tag="090">
      <subfield code="a">b</subfield>
    </datafield>
    <datafield ind1="1" ind2=" " tag="100">
      <subfield code="0">(DE-588)108701271</subfield>
      <subfield code="0">(DE-101)108701271</subfield>
      <subfield code="a">Ploog, Helmut</subfield>
      <subfield code="4">aut</subfield>
    </datafield>
    <datafield ind1="1" ind2="0" tag="245">
      <subfield code="a">Handschriften deuten</subfield>
      <subfield code="b">die Persönlichkeit im Spiegel der Schrift ; mit vielen Beispielen prominenter Persönlichkeiten</subfield>
      <subfield code="c">Helmut Ploog</subfield>
    </datafield>
    <datafield ind1=" " ind2=" " tag="250">
      <subfield code="a">6., aktualisierte und überarb.  Aufl.</subfield>
    </datafield>
    <datafield ind1=" " ind2=" " tag="259">
      <subfield code="a">16</subfield>
    </datafield>
    <datafield ind1="3" ind2=" " tag="260">
      <subfield code="a">Hannover</subfield>
      <subfield code="b">Humboldt</subfield>
      <subfield code="c">2008</subfield>
    </datafield>
    <datafield ind1=" " ind2=" " tag="300">
      <subfield code="a">184 S.</subfield>
      <subfield code="b">graph. Darst.</subfield>
      <subfield code="c">19 cm</subfield>
    </datafield>
    <datafield ind1="0" ind2=" " tag="490">
      <subfield code="a">Psychologie &amp; Lebensgestaltung</subfield>
    </datafield>
    <datafield ind1=" " ind2=" " tag="500">
      <subfield code="a">Literaturverz. S. 170 - 173</subfield>
    </datafield>
    <datafield ind1=" " ind2="7" tag="650">
      <subfield code="0">(DE-588)4021857-0</subfield>
      <subfield code="0">(DE-101)040218570</subfield>
      <subfield code="a">Graphologie</subfield>
      <subfield code="2">gnd</subfield>
    </datafield>
    <datafield ind1="0" ind2="0" tag="689">
      <subfield code="0">(DE-588)4021857-0</subfield>
      <subfield code="0">(DE-101)040218570</subfield>
      <subfield code="D">s</subfield>
      <subfield code="a">Graphologie</subfield>
    </datafield>
    <datafield ind1="0" ind2=" " tag="689">
      <subfield code="5">DE-101</subfield>
      <subfield code="5">DE-101</subfield>
    </datafield>
    <datafield ind1="4" ind2="2" tag="856">
      <subfield code="m">B:DE-101</subfield>
      <subfield code="q">application/pdf</subfield>
      <subfield code="u">http://d-nb.info/989184048/04</subfield>
      <subfield code="3">Inhaltsverzeichnis</subfield>
    </datafield>
    <datafield ind1="4" ind2="2" tag="856">
      <subfield code="m">X:MVB</subfield>
      <subfield code="q">text/html</subfield>
      <subfield code="u">http://deposit.d-nb.de/cgi-bin/dokserv?id=3125151&amp;prov=M&amp;dok_var=1&amp;dok_ext=htm</subfield>
      <subfield code="3">Inhaltstext</subfield>
    </datafield>
    <datafield ind1="r" ind2=" " tag="925">
      <subfield code="a">ra</subfield>
    </datafield>
  </record>