
  <record>
    <leader>01092pam a2200289 cc4500</leader>
    <controlfield tag="001">992269881</controlfield>
    <controlfield tag="003">DE-101</controlfield>
    <controlfield tag="005">20090217235414.0</controlfield>
    <controlfield tag="007">co||||||||||||</controlfield>
    <controlfield tag="008">090123s2008    gw |||||q|||| 00||||ger  </controlfield>
    <datafield ind1=" " ind2=" " tag="015">
      <subfield code="a">09,A09,1712</subfield>
      <subfield code="z">09,N07,4019</subfield>
      <subfield code="2">dnb</subfield>
    </datafield>
    <datafield ind1="7" ind2=" " tag="016">
      <subfield code="2">DE-101</subfield>
      <subfield code="a">992269881</subfield>
    </datafield>
    <datafield ind1=" " ind2=" " tag="020">
      <subfield code="a">9783867141802</subfield>
      <subfield code="c">: EUR 14.95 (freier Pr.), sfr 23.75 (freier Pr.)</subfield>
      <subfield code="9">978-3-86714-180-2</subfield>
    </datafield>
    <datafield ind1=" " ind2=" " tag="035">
      <subfield code="a">(DE-599)DNB992269881</subfield>
    </datafield>
    <datafield ind1=" " ind2=" " tag="035">
      <subfield code="a">(OCoLC)723906661</subfield>
    </datafield>
    <datafield ind1=" " ind2=" " tag="040">
      <subfield code="a">1145</subfield>
      <subfield code="b">ger</subfield>
      <subfield code="c">DE-101</subfield>
      <subfield code="d">9999</subfield>
      <subfield code="e">rakwb</subfield>
    </datafield>
    <datafield ind1=" " ind2=" " tag="041">
      <subfield code="a">ger</subfield>
      <subfield code="h">fre</subfield>
    </datafield>
    <datafield ind1=" " ind2=" " tag="044">
      <subfield code="c">XA-DE-NW</subfield>
    </datafield>
    <datafield ind1="7" ind2="4" tag="082">
      <subfield code="a">800</subfield>
      <subfield code="a">B</subfield>
      <subfield code="q">DE-101</subfield>
      <subfield code="2">22sdnb</subfield>
    </datafield>
    <datafield ind1=" " ind2=" " tag="084">
      <subfield code="a">800</subfield>
      <subfield code="a">B</subfield>
      <subfield code="q">DE-101</subfield>
      <subfield code="2">sdnb</subfield>
    </datafield>
    <datafield ind1="1" ind2="0" tag="245">
      <subfield code="a">Die große Abenteuer-Box</subfield>
      <subfield code="n">CD 4.</subfield>
      <subfield code="p">Die drei Musketiere / Alexandré Dumas</subfield>
    </datafield>
    <datafield ind1="3" ind2=" " tag="260">
      <subfield code="a">Dortmund</subfield>
      <subfield code="b">Maritim</subfield>
      <subfield code="c">2008</subfield>
    </datafield>
    <datafield ind1=" " ind2=" " tag="300">
      <subfield code="a">1 CD</subfield>
      <subfield code="b">stereo</subfield>
    </datafield>
    <datafield ind1="1" ind2=" " tag="700">
      <subfield code="0">(DE-588)118528068</subfield>
      <subfield code="0">(DE-101)118528068</subfield>
      <subfield code="a">Dumas, Alexandre</subfield>
      <subfield code="d">1802-1870</subfield>
      <subfield code="4">cre</subfield>
    </datafield>
    <datafield ind1="0" ind2="8" tag="773">
      <subfield code="q">cd14</subfield>
      <subfield code="w">(DE-101)992559294</subfield>
    </datafield>
    <datafield ind1="4" ind2="2" tag="856">
      <subfield code="m">X:MVB</subfield>
      <subfield code="q">text/html</subfield>
      <subfield code="u">http://portal.gs-shop.de/200/cgi-bin/portal.dll?AnbieterID=181&amp;amp;referer=libri&amp;amp;seite=frameset.htm&amp;amp;bnr=S195011311</subfield>
      <subfield code="3">Ausführliche Beschreibung</subfield>
    </datafield>
    <datafield ind1="r" ind2=" " tag="925">
      <subfield code="a">ra</subfield>
    </datafield>
  </record>