
  <record>
    <leader>01131nam a2200301 c 4500</leader>
    <controlfield tag="001">992565804</controlfield>
    <controlfield tag="003">DE-101</controlfield>
    <controlfield tag="005">20130322074740.0</controlfield>
    <controlfield tag="007">tu</controlfield>
    <controlfield tag="008">090209s1935    gw |||||r|||| 00||||eng  </controlfield>
    <datafield ind1="7" ind2=" " tag="016">
      <subfield code="2">DE-101</subfield>
      <subfield code="a">992565804</subfield>
    </datafield>
    <datafield ind1=" " ind2=" " tag="020">
      <subfield code="c">Lw.</subfield>
    </datafield>
    <datafield ind1=" " ind2=" " tag="035">
      <subfield code="a">(DE-599)DNB992565804</subfield>
    </datafield>
    <datafield ind1=" " ind2=" " tag="035">
      <subfield code="a">(OCoLC)265438723</subfield>
    </datafield>
    <datafield ind1=" " ind2=" " tag="040">
      <subfield code="a">1240</subfield>
      <subfield code="b">ger</subfield>
      <subfield code="c">DE-101</subfield>
      <subfield code="d">1120</subfield>
    </datafield>
    <datafield ind1=" " ind2=" " tag="041">
      <subfield code="a">eng</subfield>
    </datafield>
    <datafield ind1=" " ind2=" " tag="044">
      <subfield code="c">XA-DE</subfield>
    </datafield>
    <datafield ind1="1" ind2=" " tag="100">
      <subfield code="0">(DE-588)118572431</subfield>
      <subfield code="0">(DE-101)118572431</subfield>
      <subfield code="a">Lewin, Kurt</subfield>
      <subfield code="d">1890-1947</subfield>
      <subfield code="4">aut</subfield>
    </datafield>
    <datafield ind1="1" ind2="0" tag="245">
      <subfield code="a">A dynamic theory of personality</subfield>
      <subfield code="b">selected papers</subfield>
      <subfield code="c">by Kurt Lewin. Transl. by Donald K. Adams and Karl E. Zener</subfield>
    </datafield>
    <datafield ind1=" " ind2=" " tag="250">
      <subfield code="a">1. ed.</subfield>
    </datafield>
    <datafield ind1=" " ind2=" " tag="259">
      <subfield code="a">11</subfield>
    </datafield>
    <datafield ind1="3" ind2=" " tag="260">
      <subfield code="a">New York [u.a.]</subfield>
      <subfield code="b">McGraw-Hill</subfield>
      <subfield code="c">1935</subfield>
    </datafield>
    <datafield ind1=" " ind2=" " tag="300">
      <subfield code="a">IX, 286 S.</subfield>
      <subfield code="c">24 cm</subfield>
    </datafield>
    <datafield ind1="0" ind2=" " tag="490">
      <subfield code="a">MacGraw-Hill publications in psychology</subfield>
    </datafield>
    <datafield ind1="1" ind2=" " tag="700">
      <subfield code="0">(DE-588)137304102</subfield>
      <subfield code="0">(DE-101)137304102</subfield>
      <subfield code="a">Adams, Donald K.</subfield>
      <subfield code="4">trl</subfield>
      <subfield code="e">Übers.</subfield>
    </datafield>
    <datafield ind1="1" ind2=" " tag="700">
      <subfield code="0">(DE-588)137304110</subfield>
      <subfield code="0">(DE-101)137304110</subfield>
      <subfield code="a">Zener, Karl E.</subfield>
      <subfield code="4">trl</subfield>
      <subfield code="e">Übers.</subfield>
    </datafield>
    <datafield ind1="0" ind2="8" tag="775">
      <subfield code="i">Online-Ausg.</subfield>
      <subfield code="a">Lewin, Kurt</subfield>
      <subfield code="t">A dynamic theory of personality</subfield>
      <subfield code="w">(DE-101)103277892X</subfield>
    </datafield>
    <datafield ind1="4" ind2="2" tag="856">
      <subfield code="m">B:DE-101</subfield>
      <subfield code="q">application/pdf</subfield>
      <subfield code="u">http://d-nb.info/992565804/04</subfield>
      <subfield code="3">Inhaltsverzeichnis</subfield>
    </datafield>
  </record>