
  <record>
    <leader>02064pam a2200481 c 4500</leader>
    <controlfield tag="001">992685915</controlfield>
    <controlfield tag="003">DE-101</controlfield>
    <controlfield tag="005">20091117235128.0</controlfield>
    <controlfield tag="007">tu</controlfield>
    <controlfield tag="008">090216s2009    gw |||||rm||| 00||||ger  </controlfield>
    <datafield ind1=" " ind2=" " tag="015">
      <subfield code="a">09,A48,0105</subfield>
      <subfield code="z">09,N10,0202</subfield>
      <subfield code="2">dnb</subfield>
    </datafield>
    <datafield ind1="7" ind2=" " tag="016">
      <subfield code="2">DE-101</subfield>
      <subfield code="a">992685915</subfield>
    </datafield>
    <datafield ind1=" " ind2=" " tag="020">
      <subfield code="a">9783832279462</subfield>
      <subfield code="c">kart. : EUR 45.80 (DE), EUR 45.80 (AT), sfr 91.60 (freier Pr.)</subfield>
      <subfield code="9">978-3-8322-7946-2</subfield>
    </datafield>
    <datafield ind1="3" ind2=" " tag="024">
      <subfield code="a">9783832279462</subfield>
    </datafield>
    <datafield ind1=" " ind2=" " tag="035">
      <subfield code="a">(DE-599)DNB992685915</subfield>
    </datafield>
    <datafield ind1=" " ind2=" " tag="035">
      <subfield code="a">(OCoLC)467882166</subfield>
    </datafield>
    <datafield ind1=" " ind2=" " tag="040">
      <subfield code="a">1145</subfield>
      <subfield code="b">ger</subfield>
      <subfield code="c">DE-101</subfield>
      <subfield code="d">9999</subfield>
      <subfield code="e">rakwb</subfield>
    </datafield>
    <datafield ind1=" " ind2=" " tag="041">
      <subfield code="a">ger</subfield>
    </datafield>
    <datafield ind1=" " ind2=" " tag="044">
      <subfield code="c">XA-DE-NW</subfield>
    </datafield>
    <datafield ind1="0" ind2="4" tag="082">
      <subfield code="8">1\x</subfield>
      <subfield code="a">155.232</subfield>
      <subfield code="q">DE-101</subfield>
      <subfield code="2">22/ger</subfield>
    </datafield>
    <datafield ind1="7" ind2=" " tag="083">
      <subfield code="a">150</subfield>
      <subfield code="q">DE-101</subfield>
      <subfield code="2">22sdnb</subfield>
    </datafield>
    <datafield ind1=" " ind2=" " tag="084">
      <subfield code="a">150</subfield>
      <subfield code="q">DE-101</subfield>
      <subfield code="2">sdnb</subfield>
    </datafield>
    <datafield ind1=" " ind2=" " tag="085">
      <subfield code="8">1\x</subfield>
      <subfield code="b">155.232</subfield>
    </datafield>
    <datafield ind1=" " ind2=" " tag="090">
      <subfield code="a">b</subfield>
    </datafield>
    <datafield ind1="1" ind2=" " tag="100">
      <subfield code="0">(DE-588)13752658X</subfield>
      <subfield code="0">(DE-101)13752658X</subfield>
      <subfield code="a">Gudat, Karin</subfield>
      <subfield code="d">1978-</subfield>
      <subfield code="4">aut</subfield>
    </datafield>
    <datafield ind1="1" ind2="0" tag="245">
      <subfield code="a">Zum Einfluss der Persönlichkeit auf die Ergebnisse von Mitarbeiterzufriedenheitsbefragungen am Beispiel des Finanzdienstleistungsbereichs</subfield>
      <subfield code="c">Karin Gudat</subfield>
    </datafield>
    <datafield ind1="3" ind2=" " tag="260">
      <subfield code="a">Aachen</subfield>
      <subfield code="b">Shaker</subfield>
      <subfield code="c">2009</subfield>
    </datafield>
    <datafield ind1=" " ind2=" " tag="300">
      <subfield code="a">209, [19] S.</subfield>
      <subfield code="b">graph. Darst.</subfield>
      <subfield code="c">21 cm, 363 gr.</subfield>
    </datafield>
    <datafield ind1="0" ind2=" " tag="490">
      <subfield code="a">Berichte aus der Psychologie</subfield>
    </datafield>
    <datafield ind1=" " ind2=" " tag="502">
      <subfield code="a">Zugl.: Bochum, Univ., Diss., 2008</subfield>
    </datafield>
    <datafield ind1=" " ind2="7" tag="650">
      <subfield code="0">(DE-588)4535644-0</subfield>
      <subfield code="0">(DE-101)956001955</subfield>
      <subfield code="a">Finanzdienstleistungsinstitut</subfield>
      <subfield code="2">gnd</subfield>
    </datafield>
    <datafield ind1=" " ind2="7" tag="650">
      <subfield code="0">(DE-588)4120744-0</subfield>
      <subfield code="0">(DE-101)041207440</subfield>
      <subfield code="a">Mitarbeiter</subfield>
      <subfield code="2">gnd</subfield>
    </datafield>
    <datafield ind1=" " ind2="7" tag="650">
      <subfield code="0">(DE-588)4005227-8</subfield>
      <subfield code="0">(DE-101)040052273</subfield>
      <subfield code="a">Umfrage</subfield>
      <subfield code="2">gnd</subfield>
    </datafield>
    <datafield ind1=" " ind2="7" tag="650">
      <subfield code="0">(DE-588)4002818-5</subfield>
      <subfield code="0">(DE-101)040028186</subfield>
      <subfield code="a">Arbeitszufriedenheit</subfield>
      <subfield code="2">gnd</subfield>
    </datafield>
    <datafield ind1=" " ind2="7" tag="650">
      <subfield code="0">(DE-588)4173863-9</subfield>
      <subfield code="0">(DE-101)041738632</subfield>
      <subfield code="a">Persönlichkeitsfaktor</subfield>
      <subfield code="2">gnd</subfield>
    </datafield>
    <datafield ind1="0" ind2="0" tag="689">
      <subfield code="0">(DE-588)4535644-0</subfield>
      <subfield code="0">(DE-101)956001955</subfield>
      <subfield code="D">s</subfield>
      <subfield code="a">Finanzdienstleistungsinstitut</subfield>
    </datafield>
    <datafield ind1="0" ind2="1" tag="689">
      <subfield code="0">(DE-588)4120744-0</subfield>
      <subfield code="0">(DE-101)041207440</subfield>
      <subfield code="D">s</subfield>
      <subfield code="a">Mitarbeiter</subfield>
    </datafield>
    <datafield ind1="0" ind2="2" tag="689">
      <subfield code="0">(DE-588)4005227-8</subfield>
      <subfield code="0">(DE-101)040052273</subfield>
      <subfield code="D">s</subfield>
      <subfield code="a">Umfrage</subfield>
    </datafield>
    <datafield ind1="0" ind2="3" tag="689">
      <subfield code="0">(DE-588)4002818-5</subfield>
      <subfield code="0">(DE-101)040028186</subfield>
      <subfield code="D">s</subfield>
      <subfield code="a">Arbeitszufriedenheit</subfield>
    </datafield>
    <datafield ind1="0" ind2="4" tag="689">
      <subfield code="0">(DE-588)4173863-9</subfield>
      <subfield code="0">(DE-101)041738632</subfield>
      <subfield code="D">s</subfield>
      <subfield code="a">Persönlichkeitsfaktor</subfield>
    </datafield>
    <datafield ind1="0" ind2=" " tag="689">
      <subfield code="5">DE-101</subfield>
      <subfield code="5">DE-101</subfield>
    </datafield>
    <datafield ind1="4" ind2="2" tag="856">
      <subfield code="m">B:DE-101</subfield>
      <subfield code="q">application/pdf</subfield>
      <subfield code="u">http://d-nb.info/992685915/04</subfield>
      <subfield code="3">Inhaltsverzeichnis</subfield>
    </datafield>
    <datafield ind1="r" ind2=" " tag="925">
      <subfield code="a">ra</subfield>
    </datafield>
  </record>