
  <record>
    <leader>01037nam a2200265 c 4500</leader>
    <controlfield tag="001">993335780</controlfield>
    <controlfield tag="003">DE-101</controlfield>
    <controlfield tag="005">20130318083659.0</controlfield>
    <controlfield tag="007">tu</controlfield>
    <controlfield tag="008">090323s1950    gw |||||r|||| 00||||eng  </controlfield>
    <datafield ind1="7" ind2=" " tag="016">
      <subfield code="2">DE-101</subfield>
      <subfield code="a">993335780</subfield>
    </datafield>
    <datafield ind1=" " ind2=" " tag="020">
      <subfield code="c">Lw. (hellgrün)</subfield>
    </datafield>
    <datafield ind1=" " ind2=" " tag="035">
      <subfield code="a">(DE-599)DNB993335780</subfield>
    </datafield>
    <datafield ind1=" " ind2=" " tag="035">
      <subfield code="a">(OCoLC)248269640</subfield>
    </datafield>
    <datafield ind1=" " ind2=" " tag="040">
      <subfield code="a">1240</subfield>
      <subfield code="b">ger</subfield>
      <subfield code="c">DE-101</subfield>
      <subfield code="d">1220</subfield>
    </datafield>
    <datafield ind1=" " ind2=" " tag="041">
      <subfield code="a">eng</subfield>
    </datafield>
    <datafield ind1=" " ind2=" " tag="044">
      <subfield code="c">XA-DE</subfield>
    </datafield>
    <datafield ind1="1" ind2="0" tag="245">
      <subfield code="a">Projective psychology</subfield>
      <subfield code="b">clinical approaches to the total personality</subfield>
      <subfield code="c">ed. by Lawrence Edwin Abt [and] Leopold Bellak</subfield>
    </datafield>
    <datafield ind1="3" ind2=" " tag="260">
      <subfield code="a">New York</subfield>
      <subfield code="b">Knopf</subfield>
      <subfield code="c">1950</subfield>
    </datafield>
    <datafield ind1=" " ind2=" " tag="300">
      <subfield code="a">XVI, 485, XIV S.</subfield>
      <subfield code="b">Ill., graph. Darst.</subfield>
      <subfield code="c">22 cm</subfield>
    </datafield>
    <datafield ind1=" " ind2=" " tag="500">
      <subfield code="a">Vermerk auf d. Rückseite d. Titelblatts: Basic Book Club edition</subfield>
    </datafield>
    <datafield ind1="1" ind2=" " tag="700">
      <subfield code="0">(DE-588)138116083</subfield>
      <subfield code="0">(DE-101)138116083</subfield>
      <subfield code="a">Abt, Lawrence Edwin</subfield>
      <subfield code="4">edt</subfield>
      <subfield code="e">Hrsg.</subfield>
    </datafield>
    <datafield ind1="1" ind2=" " tag="700">
      <subfield code="0">(DE-588)119194848</subfield>
      <subfield code="0">(DE-101)119194848</subfield>
      <subfield code="a">Bellak, Leopold</subfield>
      <subfield code="d">1916-</subfield>
      <subfield code="4">edt</subfield>
      <subfield code="e">Hrsg.</subfield>
    </datafield>
    <datafield ind1="0" ind2="8" tag="775">
      <subfield code="i">Online-Ausg.</subfield>
      <subfield code="t">Projective psychology</subfield>
      <subfield code="w">(DE-101)1032492937</subfield>
    </datafield>
    <datafield ind1="4" ind2="2" tag="856">
      <subfield code="m">B:DE-101</subfield>
      <subfield code="q">application/pdf</subfield>
      <subfield code="u">http://d-nb.info/993335780/04</subfield>
      <subfield code="3">Inhaltsverzeichnis</subfield>
    </datafield>
  </record>