
  <record>
    <leader>01037nam a2200289 c 4500</leader>
    <controlfield tag="001">993485812</controlfield>
    <controlfield tag="003">DE-101</controlfield>
    <controlfield tag="005">20130319110720.0</controlfield>
    <controlfield tag="007">tu</controlfield>
    <controlfield tag="008">090330s1943    gw |||||r|||| 00||||eng  </controlfield>
    <datafield ind1="7" ind2=" " tag="016">
      <subfield code="2">DE-101</subfield>
      <subfield code="a">993485812</subfield>
    </datafield>
    <datafield ind1=" " ind2=" " tag="020">
      <subfield code="c">Lw.</subfield>
    </datafield>
    <datafield ind1=" " ind2=" " tag="035">
      <subfield code="a">(DE-599)DNB993485812</subfield>
    </datafield>
    <datafield ind1=" " ind2=" " tag="035">
      <subfield code="a">(OCoLC)246493713</subfield>
    </datafield>
    <datafield ind1=" " ind2=" " tag="040">
      <subfield code="a">1240</subfield>
      <subfield code="b">ger</subfield>
      <subfield code="c">DE-101</subfield>
      <subfield code="d">1220</subfield>
    </datafield>
    <datafield ind1=" " ind2=" " tag="041">
      <subfield code="a">eng</subfield>
    </datafield>
    <datafield ind1=" " ind2=" " tag="044">
      <subfield code="c">XA-DE</subfield>
    </datafield>
    <datafield ind1="1" ind2=" " tag="100">
      <subfield code="0">(DE-588)123624533</subfield>
      <subfield code="0">(DE-101)123624533</subfield>
      <subfield code="a">Wolff, Werner</subfield>
      <subfield code="d">1904-</subfield>
      <subfield code="4">aut</subfield>
    </datafield>
    <datafield ind1="1" ind2="0" tag="245">
      <subfield code="a">The expression of personality</subfield>
      <subfield code="b">experimental depth psychology</subfield>
      <subfield code="c">Werner Wolff. Under the editorship of Gardner Murphy</subfield>
    </datafield>
    <datafield ind1=" " ind2=" " tag="250">
      <subfield code="a">1. ed.</subfield>
    </datafield>
    <datafield ind1=" " ind2=" " tag="259">
      <subfield code="a">11</subfield>
    </datafield>
    <datafield ind1="3" ind2=" " tag="260">
      <subfield code="a">New York</subfield>
      <subfield code="a">London</subfield>
      <subfield code="b">Harper</subfield>
      <subfield code="c">1943</subfield>
    </datafield>
    <datafield ind1=" " ind2=" " tag="300">
      <subfield code="a">XIV, 334 S.</subfield>
      <subfield code="b">Ill.</subfield>
      <subfield code="c">22 cm</subfield>
    </datafield>
    <datafield ind1=" " ind2=" " tag="500">
      <subfield code="a">Literaturverz. S. 303 - 323</subfield>
    </datafield>
    <datafield ind1="1" ind2=" " tag="700">
      <subfield code="0">(DE-588)11900142X</subfield>
      <subfield code="0">(DE-101)11900142X</subfield>
      <subfield code="a">Murphy, Gardner</subfield>
      <subfield code="d">1895-1979</subfield>
      <subfield code="4">cre</subfield>
    </datafield>
    <datafield ind1="0" ind2="8" tag="775">
      <subfield code="i">Online-Ausg.</subfield>
      <subfield code="a">Wolff, Werner</subfield>
      <subfield code="t">The expression of personality</subfield>
      <subfield code="w">(DE-101)1032600071</subfield>
    </datafield>
    <datafield ind1="4" ind2="2" tag="856">
      <subfield code="m">B:DE-101</subfield>
      <subfield code="q">application/pdf</subfield>
      <subfield code="u">http://d-nb.info/993485812/04</subfield>
      <subfield code="3">Inhaltsverzeichnis</subfield>
    </datafield>
  </record>