
  <record>
    <leader>01842pam a2200469 c 4500</leader>
    <controlfield tag="001">993674984</controlfield>
    <controlfield tag="003">DE-101</controlfield>
    <controlfield tag="005">20090623085931.0</controlfield>
    <controlfield tag="007">tu</controlfield>
    <controlfield tag="008">090414s2009    gw |||||r|||| 00||||ger  </controlfield>
    <datafield ind1=" " ind2=" " tag="015">
      <subfield code="a">09,A26,2119</subfield>
      <subfield code="z">09,N18,1059</subfield>
      <subfield code="2">dnb</subfield>
    </datafield>
    <datafield ind1="7" ind2=" " tag="016">
      <subfield code="2">DE-101</subfield>
      <subfield code="a">993674984</subfield>
    </datafield>
    <datafield ind1=" " ind2=" " tag="020">
      <subfield code="a">9783831014514</subfield>
      <subfield code="c">Pp. : EUR 7.95 (DE), EUR 8.20 (AT), sfr 14.90 (freier Pr.)</subfield>
      <subfield code="9">978-3-8310-1451-4</subfield>
    </datafield>
    <datafield ind1="3" ind2=" " tag="024">
      <subfield code="a">9783831014514</subfield>
    </datafield>
    <datafield ind1=" " ind2=" " tag="035">
      <subfield code="a">(DE-599)DNB993674984</subfield>
    </datafield>
    <datafield ind1=" " ind2=" " tag="035">
      <subfield code="a">(OCoLC)404058153</subfield>
    </datafield>
    <datafield ind1=" " ind2=" " tag="040">
      <subfield code="a">1245</subfield>
      <subfield code="b">ger</subfield>
      <subfield code="c">DE-101</subfield>
      <subfield code="d">9999</subfield>
      <subfield code="e">rakwb</subfield>
    </datafield>
    <datafield ind1=" " ind2=" " tag="041">
      <subfield code="a">ger</subfield>
      <subfield code="h">eng</subfield>
    </datafield>
    <datafield ind1=" " ind2=" " tag="044">
      <subfield code="c">XA-DE-BY</subfield>
    </datafield>
    <datafield ind1="7" ind2="4" tag="082">
      <subfield code="a">K</subfield>
      <subfield code="q">DE-101</subfield>
      <subfield code="2">22sdnb</subfield>
    </datafield>
    <datafield ind1=" " ind2=" " tag="084">
      <subfield code="a">K</subfield>
      <subfield code="q">DE-101</subfield>
      <subfield code="2">sdnb</subfield>
    </datafield>
    <datafield ind1=" " ind2=" " tag="090">
      <subfield code="a">b</subfield>
    </datafield>
    <datafield ind1="1" ind2="0" tag="245">
      <subfield code="a">Ice age 3 - die Dinosaurier sind los</subfield>
      <subfield code="b">das ultimative Buch für Fans ; [Ice age 1, 2 &amp; 3]</subfield>
      <subfield code="c">von Glenn Dakin. [Übers. Wiebke Krabbe]</subfield>
    </datafield>
    <datafield ind1="3" ind2=" " tag="260">
      <subfield code="a">München</subfield>
      <subfield code="b">Dorling Kindersley</subfield>
      <subfield code="c">2009</subfield>
    </datafield>
    <datafield ind1=" " ind2=" " tag="300">
      <subfield code="a">63 S.</subfield>
      <subfield code="b">überw. Ill.</subfield>
      <subfield code="c">29 cm</subfield>
    </datafield>
    <datafield ind1=" " ind2="7" tag="650">
      <subfield code="0">(DE-588)4013994-3</subfield>
      <subfield code="0">(DE-101)040139948</subfield>
      <subfield code="a">Eis</subfield>
      <subfield code="2">gnd</subfield>
    </datafield>
    <datafield ind1=" " ind2="7" tag="650">
      <subfield code="0">(DE-588)4179780-2</subfield>
      <subfield code="0">(DE-101)041797809</subfield>
      <subfield code="a">Schmelzen</subfield>
      <subfield code="2">gnd</subfield>
    </datafield>
    <datafield ind1=" " ind2="7" tag="650">
      <subfield code="0">(DE-588)4262355-8</subfield>
      <subfield code="0">(DE-101)042623553</subfield>
      <subfield code="a">Mammut</subfield>
      <subfield code="2">gnd</subfield>
    </datafield>
    <datafield ind1=" " ind2="7" tag="650">
      <subfield code="0">(DE-588)4345692-3</subfield>
      <subfield code="0">(DE-101)941690172</subfield>
      <subfield code="a">Freund</subfield>
      <subfield code="2">gnd</subfield>
    </datafield>
    <datafield ind1=" " ind2="7" tag="650">
      <subfield code="0">(DE-588)4112435-2</subfield>
      <subfield code="0">(DE-101)041124359</subfield>
      <subfield code="a">Abenteuerreise</subfield>
      <subfield code="2">gnd</subfield>
    </datafield>
    <datafield ind1=" " ind2="7" tag="655">
      <subfield code="a">Kinderbuch</subfield>
      <subfield code="2">gnd</subfield>
    </datafield>
    <datafield ind1="0" ind2="0" tag="689">
      <subfield code="0">(DE-588)4013994-3</subfield>
      <subfield code="0">(DE-101)040139948</subfield>
      <subfield code="D">s</subfield>
      <subfield code="a">Eis</subfield>
    </datafield>
    <datafield ind1="0" ind2="1" tag="689">
      <subfield code="0">(DE-588)4179780-2</subfield>
      <subfield code="0">(DE-101)041797809</subfield>
      <subfield code="D">s</subfield>
      <subfield code="a">Schmelzen</subfield>
    </datafield>
    <datafield ind1="0" ind2="2" tag="689">
      <subfield code="0">(DE-588)4262355-8</subfield>
      <subfield code="0">(DE-101)042623553</subfield>
      <subfield code="D">s</subfield>
      <subfield code="a">Mammut</subfield>
    </datafield>
    <datafield ind1="0" ind2="3" tag="689">
      <subfield code="0">(DE-588)4345692-3</subfield>
      <subfield code="0">(DE-101)941690172</subfield>
      <subfield code="D">s</subfield>
      <subfield code="a">Freund</subfield>
    </datafield>
    <datafield ind1="0" ind2="4" tag="689">
      <subfield code="0">(DE-588)4112435-2</subfield>
      <subfield code="0">(DE-101)041124359</subfield>
      <subfield code="D">s</subfield>
      <subfield code="a">Abenteuerreise</subfield>
    </datafield>
    <datafield ind1="0" ind2="5" tag="689">
      <subfield code="A">f</subfield>
      <subfield code="a">Kinderbuch</subfield>
    </datafield>
    <datafield ind1="0" ind2=" " tag="689">
      <subfield code="5">DE-101</subfield>
      <subfield code="5">DE-101</subfield>
    </datafield>
    <datafield ind1="1" ind2=" " tag="700">
      <subfield code="0">(DE-588)128353791</subfield>
      <subfield code="0">(DE-101)128353791</subfield>
      <subfield code="a">Dakin, Glenn</subfield>
      <subfield code="4">cre</subfield>
    </datafield>
    <datafield ind1="1" ind2=" " tag="700">
      <subfield code="0">(DE-588)114266107</subfield>
      <subfield code="0">(DE-101)114266107</subfield>
      <subfield code="a">Krabbe, Wiebke</subfield>
      <subfield code="4">trl</subfield>
      <subfield code="e">Übers.</subfield>
    </datafield>
    <datafield ind1="0" ind2=" " tag="730">
      <subfield code="a">Ice age</subfield>
      <subfield code="g">dt.</subfield>
    </datafield>
    <datafield ind1="r" ind2=" " tag="925">
      <subfield code="a">ra</subfield>
    </datafield>
  </record>