
  <record>
    <leader>01917pam a2200445 c 4500</leader>
    <controlfield tag="001">994103506</controlfield>
    <controlfield tag="003">DE-101</controlfield>
    <controlfield tag="005">20110512012039.0</controlfield>
    <controlfield tag="007">tu</controlfield>
    <controlfield tag="008">090507s2009    gw |||||r|||| 00||||ger  </controlfield>
    <datafield ind1=" " ind2=" " tag="015">
      <subfield code="a">09,A51,2560</subfield>
      <subfield code="z">09,N22,4073</subfield>
      <subfield code="2">dnb</subfield>
    </datafield>
    <datafield ind1="7" ind2=" " tag="016">
      <subfield code="2">DE-101</subfield>
      <subfield code="a">994103506</subfield>
    </datafield>
    <datafield ind1=" " ind2=" " tag="020">
      <subfield code="a">9783150154120</subfield>
      <subfield code="c">kart. : EUR 3.00 (DE), EUR 3.10 (AT), sfr 5.60 (freier Pr.)</subfield>
      <subfield code="9">978-3-15-015412-0</subfield>
    </datafield>
    <datafield ind1="3" ind2=" " tag="024">
      <subfield code="a">9783150154120</subfield>
    </datafield>
    <datafield ind1=" " ind2=" " tag="035">
      <subfield code="a">(DE-599)DNB994103506</subfield>
    </datafield>
    <datafield ind1=" " ind2=" " tag="035">
      <subfield code="a">(OCoLC)488668691</subfield>
    </datafield>
    <datafield ind1=" " ind2=" " tag="040">
      <subfield code="a">1245</subfield>
      <subfield code="b">ger</subfield>
      <subfield code="c">DE-101</subfield>
      <subfield code="d">9999</subfield>
      <subfield code="e">rakwb</subfield>
    </datafield>
    <datafield ind1=" " ind2=" " tag="041">
      <subfield code="a">ger</subfield>
    </datafield>
    <datafield ind1=" " ind2=" " tag="044">
      <subfield code="c">XA-DE-BW</subfield>
    </datafield>
    <datafield ind1="7" ind2="4" tag="082">
      <subfield code="a">S</subfield>
      <subfield code="q">DE-101</subfield>
      <subfield code="2">22sdnb</subfield>
    </datafield>
    <datafield ind1=" " ind2=" " tag="084">
      <subfield code="a">S</subfield>
      <subfield code="q">DE-101</subfield>
      <subfield code="2">sdnb</subfield>
    </datafield>
    <datafield ind1=" " ind2=" " tag="090">
      <subfield code="a">b</subfield>
    </datafield>
    <datafield ind1="1" ind2=" " tag="100">
      <subfield code="0">(DE-588)120082314</subfield>
      <subfield code="0">(DE-101)120082314</subfield>
      <subfield code="a">Feuchert, Sascha</subfield>
      <subfield code="d">1971-</subfield>
      <subfield code="4">aut</subfield>
    </datafield>
    <datafield ind1="1" ind2="0" tag="245">
      <subfield code="a">Anne Frank, Tagebuch</subfield>
      <subfield code="c">von Sascha Feuchert und Nikola Medenwald</subfield>
    </datafield>
    <datafield ind1="3" ind2=" " tag="260">
      <subfield code="a">Stuttgart</subfield>
      <subfield code="b">Reclam</subfield>
      <subfield code="c">2009</subfield>
    </datafield>
    <datafield ind1=" " ind2=" " tag="300">
      <subfield code="a">90 S.</subfield>
      <subfield code="b">Ill.</subfield>
      <subfield code="c">15 cm</subfield>
    </datafield>
    <datafield ind1="1" ind2=" " tag="490">
      <subfield code="a">Reclams Universal-Bibliothek</subfield>
      <subfield code="v">Nr. 15412 : Lektüreschlüssel für Schülerinnen und Schüler</subfield>
    </datafield>
    <datafield ind1=" " ind2=" " tag="500">
      <subfield code="a">Literatur- und URL-Verz. S. 83 - 87</subfield>
    </datafield>
    <datafield ind1="1" ind2="7" tag="600">
      <subfield code="0">(DE-588)4198214-9</subfield>
      <subfield code="0">(DE-101)041982142</subfield>
      <subfield code="a">Frank, Anne</subfield>
      <subfield code="d">1929-1945</subfield>
      <subfield code="t">Het achterhuis</subfield>
      <subfield code="2">gnd</subfield>
    </datafield>
    <datafield ind1=" " ind2="7" tag="650">
      <subfield code="0">(DE-588)4011975-0</subfield>
      <subfield code="0">(DE-101)040119750</subfield>
      <subfield code="a">Deutschunterricht</subfield>
      <subfield code="2">gnd</subfield>
    </datafield>
    <datafield ind1=" " ind2="7" tag="655">
      <subfield code="a">Lehrmittel</subfield>
      <subfield code="2">gnd</subfield>
    </datafield>
    <datafield ind1="0" ind2="0" tag="689">
      <subfield code="0">(DE-588)4198214-9</subfield>
      <subfield code="0">(DE-101)041982142</subfield>
      <subfield code="D">p</subfield>
      <subfield code="a">Frank, Anne</subfield>
      <subfield code="d">1929-1945</subfield>
      <subfield code="t">Het achterhuis</subfield>
    </datafield>
    <datafield ind1="0" ind2="1" tag="689">
      <subfield code="0">(DE-588)4011975-0</subfield>
      <subfield code="0">(DE-101)040119750</subfield>
      <subfield code="D">s</subfield>
      <subfield code="a">Deutschunterricht</subfield>
    </datafield>
    <datafield ind1="0" ind2="2" tag="689">
      <subfield code="A">f</subfield>
      <subfield code="a">Lehrmittel</subfield>
    </datafield>
    <datafield ind1="0" ind2=" " tag="689">
      <subfield code="5">DE-101</subfield>
      <subfield code="5">DE-101</subfield>
    </datafield>
    <datafield ind1="1" ind2=" " tag="700">
      <subfield code="0">(DE-588)139841199</subfield>
      <subfield code="0">(DE-101)139841199</subfield>
      <subfield code="a">Medenwald, Nikola</subfield>
      <subfield code="4">aut</subfield>
    </datafield>
    <datafield ind1="0" ind2="8" tag="775">
      <subfield code="i">Online-Ausg.</subfield>
      <subfield code="a">Feuchert, Sascha</subfield>
      <subfield code="t">Anne Frank: Tagebuch</subfield>
      <subfield code="w">(DE-101)1011702169</subfield>
    </datafield>
    <datafield ind1=" " ind2="0" tag="830">
      <subfield code="a">Reclams Universal-Bibliothek</subfield>
      <subfield code="v">Nr. 15412 : Lektüreschlüssel für Schülerinnen und Schüler</subfield>
      <subfield code="w">(DE-101)010784632</subfield>
      <subfield code="w">(DE-600)134899-1</subfield>
      <subfield code="9">515412</subfield>
    </datafield>
    <datafield ind1="4" ind2="2" tag="856">
      <subfield code="m">B:DE-101</subfield>
      <subfield code="q">application/pdf</subfield>
      <subfield code="u">http://d-nb.info/994103506/04</subfield>
      <subfield code="3">Inhaltsverzeichnis</subfield>
    </datafield>
    <datafield ind1="r" ind2=" " tag="925">
      <subfield code="a">ra</subfield>
    </datafield>
  </record>