
  <record>
    <leader>01289nam a2200313 c 4500</leader>
    <controlfield tag="001">994128371</controlfield>
    <controlfield tag="003">DE-101</controlfield>
    <controlfield tag="005">20110618231318.0</controlfield>
    <controlfield tag="007">tu</controlfield>
    <controlfield tag="008">090508s1955    sw |||||r|||| 00||||ger  </controlfield>
    <datafield ind1=" " ind2=" " tag="015">
      <subfield code="a">08,L02</subfield>
      <subfield code="2">dnb</subfield>
    </datafield>
    <datafield ind1="7" ind2=" " tag="016">
      <subfield code="2">DE-101</subfield>
      <subfield code="a">994128371</subfield>
    </datafield>
    <datafield ind1=" " ind2=" " tag="035">
      <subfield code="a">(DE-599)DNB994128371</subfield>
    </datafield>
    <datafield ind1=" " ind2=" " tag="035">
      <subfield code="a">(OCoLC)723987022</subfield>
    </datafield>
    <datafield ind1=" " ind2=" " tag="040">
      <subfield code="a">1140</subfield>
      <subfield code="b">ger</subfield>
      <subfield code="c">DE-101</subfield>
      <subfield code="d">9999</subfield>
    </datafield>
    <datafield ind1=" " ind2=" " tag="041">
      <subfield code="a">ger</subfield>
    </datafield>
    <datafield ind1=" " ind2=" " tag="044">
      <subfield code="c">XA-SE</subfield>
    </datafield>
    <datafield ind1="1" ind2="0" tag="245">
      <subfield code="a">Beowulf</subfield>
      <subfield code="c">Översatt i originalets versmått av Björn Collinder ; Med linoleumsnitt av Per Engström</subfield>
    </datafield>
    <datafield ind1=" " ind2=" " tag="250">
      <subfield code="a">(2. genomsedda upplagan)</subfield>
    </datafield>
    <datafield ind1=" " ind2=" " tag="259">
      <subfield code="a">12</subfield>
    </datafield>
    <datafield ind1="3" ind2=" " tag="260">
      <subfield code="a">Stockholm</subfield>
      <subfield code="b">Bokförlaget Natur och Kultur</subfield>
      <subfield code="c">1955, (1955)</subfield>
    </datafield>
    <datafield ind1=" " ind2=" " tag="300">
      <subfield code="a">XIII S.</subfield>
      <subfield code="b">u. [123] Bl.</subfield>
      <subfield code="c">8</subfield>
    </datafield>
    <datafield ind1=" " ind2=" " tag="500">
      <subfield code="a">Typografi, omslag och band [v.] Per Engström och Arne Heine. - Printed: Victor Pettersons Bokindustri, Stockholm . - [Type: Monotype Goudy Catalogue 12 a. 14 point]. -  [Linolschnitte in Strichätzung]</subfield>
    </datafield>
    <datafield ind1="1" ind2=" " tag="700">
      <subfield code="0">(DE-588)118676628</subfield>
      <subfield code="0">(DE-101)118676628</subfield>
      <subfield code="a">Collinder, Björn</subfield>
      <subfield code="d">1894-1983</subfield>
      <subfield code="4">cre</subfield>
    </datafield>
    <datafield ind1="1" ind2=" " tag="700">
      <subfield code="0">(DE-588)136509320</subfield>
      <subfield code="0">(DE-101)136509320</subfield>
      <subfield code="a">Engström, Per</subfield>
      <subfield code="d">1920-</subfield>
      <subfield code="4">cre</subfield>
    </datafield>
    <datafield ind1="1" ind2=" " tag="700">
      <subfield code="a">Engström, Per</subfield>
      <subfield code="4">oth</subfield>
      <subfield code="e">Typogragh.</subfield>
    </datafield>
    <datafield ind1="1" ind2=" " tag="700">
      <subfield code="0">(DE-588)137381441</subfield>
      <subfield code="0">(DE-101)137381441</subfield>
      <subfield code="a">Heine, Arne</subfield>
      <subfield code="4">oth</subfield>
      <subfield code="e">Typograph.</subfield>
    </datafield>
    <datafield ind1="2" ind2=" " tag="710">
      <subfield code="a">Victor Pettersons Bokindustri, Stockholm</subfield>
    </datafield>
    <datafield ind1="0" ind2=" " tag="730">
      <subfield code="a">Beowvlf ; schwedisch</subfield>
    </datafield>
  </record>