
  <record>
    <leader>00929nas a2200265 c 4500</leader>
    <controlfield tag="001">995111626</controlfield>
    <controlfield tag="003">DE-101</controlfield>
    <controlfield tag="005">20091218213350.0</controlfield>
    <controlfield tag="007">tu</controlfield>
    <controlfield tag="008">090706c20089999gw a||p|r ||| 0||||0ger c</controlfield>
    <datafield ind1="7" ind2=" " tag="016">
      <subfield code="2">DE-101</subfield>
      <subfield code="a">995111626</subfield>
    </datafield>
    <datafield ind1="7" ind2=" " tag="016">
      <subfield code="2">DE-600</subfield>
      <subfield code="a">2503405-4</subfield>
    </datafield>
    <datafield ind1=" " ind2=" " tag="035">
      <subfield code="a">(DE-599)ZDB2503405-4</subfield>
    </datafield>
    <datafield ind1=" " ind2=" " tag="035">
      <subfield code="a">(OCoLC)699307170</subfield>
    </datafield>
    <datafield ind1=" " ind2=" " tag="040">
      <subfield code="a">0024</subfield>
      <subfield code="b">ger</subfield>
      <subfield code="c">DE-101</subfield>
      <subfield code="d">9999</subfield>
    </datafield>
    <datafield ind1=" " ind2=" " tag="041">
      <subfield code="a">ger</subfield>
    </datafield>
    <datafield ind1=" " ind2=" " tag="044">
      <subfield code="c">XA-DE</subfield>
    </datafield>
    <datafield ind1="7" ind2="4" tag="082">
      <subfield code="a">914.3</subfield>
      <subfield code="a">943</subfield>
      <subfield code="a">050</subfield>
      <subfield code="q">DE-600</subfield>
      <subfield code="2">22sdnb</subfield>
    </datafield>
    <datafield ind1=" " ind2=" " tag="084">
      <subfield code="a">914.3</subfield>
      <subfield code="a">943</subfield>
      <subfield code="a">050</subfield>
      <subfield code="q">DE-600</subfield>
      <subfield code="2">sdnb</subfield>
    </datafield>
    <datafield ind1="1" ind2="0" tag="245">
      <subfield code="a">Öhringen</subfield>
      <subfield code="b">Wirtschaft, Personality, Stadtleben, Kalender, Adressen</subfield>
      <subfield code="c">Hrsg. von Moritz, das Stadtmagazin</subfield>
    </datafield>
    <datafield ind1="3" ind2=" " tag="260">
      <subfield code="a">Heilbronn</subfield>
      <subfield code="b">Moritz-Verl.-GmbH</subfield>
    </datafield>
    <datafield ind1="0" ind2=" " tag="362">
      <subfield code="a">2008/09 -</subfield>
    </datafield>
    <datafield ind1="0" ind2="1" tag="363">
      <subfield code="8">1.1\x</subfield>
      <subfield code="i">2008/09</subfield>
    </datafield>
    <datafield ind1="0" ind2="8" tag="772">
      <subfield code="i">Sonderh. zu</subfield>
      <subfield code="t">Moritz / Das Stadtmagazin für Hohenlohe und Tauber-Franken</subfield>
      <subfield code="w">(DE-600)2042380-9</subfield>
      <subfield code="w">(DE-101)02160049X</subfield>
    </datafield>
    <datafield ind1="0" ind2="0" tag="780">
      <subfield code="i">Vorg.:</subfield>
      <subfield code="t">Moritz / Sonderheft ... Öhringen</subfield>
      <subfield code="w">(DE-600)2503404-2</subfield>
      <subfield code="w">(DE-101)99511160X</subfield>
    </datafield>
  </record>