
  <record>
    <leader>01685pam a2200457 c 4500</leader>
    <controlfield tag="001">995591849</controlfield>
    <controlfield tag="003">DE-101</controlfield>
    <controlfield tag="005">20091208235216.0</controlfield>
    <controlfield tag="007">tu</controlfield>
    <controlfield tag="008">090727s2009    gw |||||r|||| 00||||ger  </controlfield>
    <datafield ind1=" " ind2=" " tag="015">
      <subfield code="a">09,A51,2647</subfield>
      <subfield code="z">09,N33,1320</subfield>
      <subfield code="2">dnb</subfield>
    </datafield>
    <datafield ind1="7" ind2=" " tag="016">
      <subfield code="2">DE-101</subfield>
      <subfield code="a">995591849</subfield>
    </datafield>
    <datafield ind1=" " ind2=" " tag="020">
      <subfield code="a">9783123524486</subfield>
      <subfield code="c">geh. : EUR 4.95, sfr 8.90 (freier Pr.)</subfield>
      <subfield code="9">978-3-12-352448-6</subfield>
    </datafield>
    <datafield ind1="3" ind2=" " tag="024">
      <subfield code="a">9783123524486</subfield>
    </datafield>
    <datafield ind1=" " ind2=" " tag="035">
      <subfield code="a">(DE-599)DNB995591849</subfield>
    </datafield>
    <datafield ind1=" " ind2=" " tag="035">
      <subfield code="a">(OCoLC)488675487</subfield>
    </datafield>
    <datafield ind1=" " ind2=" " tag="040">
      <subfield code="a">1245</subfield>
      <subfield code="b">ger</subfield>
      <subfield code="c">DE-101</subfield>
      <subfield code="d">9999</subfield>
      <subfield code="e">rakwb</subfield>
    </datafield>
    <datafield ind1=" " ind2=" " tag="041">
      <subfield code="a">ger</subfield>
    </datafield>
    <datafield ind1=" " ind2=" " tag="044">
      <subfield code="c">XA-DE-BW</subfield>
    </datafield>
    <datafield ind1="7" ind2="4" tag="082">
      <subfield code="a">S</subfield>
      <subfield code="q">DE-101</subfield>
      <subfield code="2">22sdnb</subfield>
    </datafield>
    <datafield ind1=" " ind2=" " tag="084">
      <subfield code="a">S</subfield>
      <subfield code="q">DE-101</subfield>
      <subfield code="2">sdnb</subfield>
    </datafield>
    <datafield ind1=" " ind2=" " tag="090">
      <subfield code="a">b</subfield>
    </datafield>
    <datafield ind1="1" ind2=" " tag="100">
      <subfield code="0">(DE-588)123092477</subfield>
      <subfield code="0">(DE-101)123092477</subfield>
      <subfield code="a">Schlegel, Claus</subfield>
      <subfield code="4">aut</subfield>
    </datafield>
    <datafield ind1="1" ind2="0" tag="245">
      <subfield code="a">Friedrich Dürrenmatt, Die Physiker</subfield>
      <subfield code="c">von Claus Schlegel</subfield>
    </datafield>
    <datafield ind1=" " ind2=" " tag="250">
      <subfield code="a">1. Aufl.</subfield>
    </datafield>
    <datafield ind1=" " ind2=" " tag="259">
      <subfield code="a">11</subfield>
    </datafield>
    <datafield ind1="3" ind2=" " tag="260">
      <subfield code="a">Stuttgart</subfield>
      <subfield code="a">Leipzig</subfield>
      <subfield code="b">Klett</subfield>
      <subfield code="c">2009</subfield>
    </datafield>
    <datafield ind1=" " ind2=" " tag="300">
      <subfield code="a">42, [6] S.</subfield>
      <subfield code="c">30 cm</subfield>
    </datafield>
    <datafield ind1="0" ind2=" " tag="490">
      <subfield code="a">Klausurtraining : Oberstufe</subfield>
    </datafield>
    <datafield ind1="1" ind2="7" tag="600">
      <subfield code="0">(DE-588)4099172-6</subfield>
      <subfield code="0">(DE-101)040991725</subfield>
      <subfield code="a">Dürrenmatt, Friedrich</subfield>
      <subfield code="d">1921-1990</subfield>
      <subfield code="t">Die Physiker</subfield>
      <subfield code="2">gnd</subfield>
    </datafield>
    <datafield ind1=" " ind2="7" tag="650">
      <subfield code="0">(DE-588)4011975-0</subfield>
      <subfield code="0">(DE-101)040119750</subfield>
      <subfield code="a">Deutschunterricht</subfield>
      <subfield code="2">gnd</subfield>
    </datafield>
    <datafield ind1=" " ind2="7" tag="650">
      <subfield code="0">(DE-588)4022648-7</subfield>
      <subfield code="0">(DE-101)040226484</subfield>
      <subfield code="a">Gymnasium</subfield>
      <subfield code="2">gnd</subfield>
    </datafield>
    <datafield ind1=" " ind2="7" tag="650">
      <subfield code="0">(DE-588)4259045-0</subfield>
      <subfield code="0">(DE-101)042590450</subfield>
      <subfield code="a">Oberstufe</subfield>
      <subfield code="2">gnd</subfield>
    </datafield>
    <datafield ind1=" " ind2="7" tag="655">
      <subfield code="a">Lehrmittel</subfield>
      <subfield code="2">gnd</subfield>
    </datafield>
    <datafield ind1="0" ind2="0" tag="689">
      <subfield code="0">(DE-588)4099172-6</subfield>
      <subfield code="0">(DE-101)040991725</subfield>
      <subfield code="D">p</subfield>
      <subfield code="a">Dürrenmatt, Friedrich</subfield>
      <subfield code="d">1921-1990</subfield>
      <subfield code="t">Die Physiker</subfield>
    </datafield>
    <datafield ind1="0" ind2="1" tag="689">
      <subfield code="0">(DE-588)4011975-0</subfield>
      <subfield code="0">(DE-101)040119750</subfield>
      <subfield code="D">s</subfield>
      <subfield code="a">Deutschunterricht</subfield>
    </datafield>
    <datafield ind1="0" ind2="2" tag="689">
      <subfield code="0">(DE-588)4022648-7</subfield>
      <subfield code="0">(DE-101)040226484</subfield>
      <subfield code="D">s</subfield>
      <subfield code="a">Gymnasium</subfield>
    </datafield>
    <datafield ind1="0" ind2="3" tag="689">
      <subfield code="0">(DE-588)4259045-0</subfield>
      <subfield code="0">(DE-101)042590450</subfield>
      <subfield code="D">s</subfield>
      <subfield code="a">Oberstufe</subfield>
    </datafield>
    <datafield ind1="0" ind2="4" tag="689">
      <subfield code="A">f</subfield>
      <subfield code="a">Lehrmittel</subfield>
    </datafield>
    <datafield ind1="0" ind2=" " tag="689">
      <subfield code="5">DE-101</subfield>
      <subfield code="5">DE-101</subfield>
    </datafield>
    <datafield ind1="r" ind2=" " tag="925">
      <subfield code="a">ra</subfield>
    </datafield>
  </record>