
  <record>
    <leader>01478nam a2200361 c 4500</leader>
    <controlfield tag="001">996563326</controlfield>
    <controlfield tag="003">DE-101</controlfield>
    <controlfield tag="005">20091208235458.0</controlfield>
    <controlfield tag="007">tu</controlfield>
    <controlfield tag="008">090903s2009    gw |||||r|||| 10||||ger  </controlfield>
    <datafield ind1=" " ind2=" " tag="015">
      <subfield code="a">09,B51,0270</subfield>
      <subfield code="2">dnb</subfield>
    </datafield>
    <datafield ind1="7" ind2=" " tag="016">
      <subfield code="2">DE-101</subfield>
      <subfield code="a">996563326</subfield>
    </datafield>
    <datafield ind1=" " ind2=" " tag="020">
      <subfield code="c">spiralgeh.</subfield>
    </datafield>
    <datafield ind1=" " ind2=" " tag="035">
      <subfield code="a">(DE-599)DNB996563326</subfield>
    </datafield>
    <datafield ind1=" " ind2=" " tag="035">
      <subfield code="a">(OCoLC)488722391</subfield>
    </datafield>
    <datafield ind1=" " ind2=" " tag="040">
      <subfield code="a">1230</subfield>
      <subfield code="b">ger</subfield>
      <subfield code="c">DE-101</subfield>
      <subfield code="d">9999</subfield>
      <subfield code="e">rakwb</subfield>
    </datafield>
    <datafield ind1=" " ind2=" " tag="041">
      <subfield code="a">ger</subfield>
    </datafield>
    <datafield ind1=" " ind2=" " tag="044">
      <subfield code="c">XA-DE</subfield>
    </datafield>
    <datafield ind1="0" ind2="4" tag="082">
      <subfield code="8">1\x</subfield>
      <subfield code="a">333.72</subfield>
      <subfield code="q">DE-101</subfield>
      <subfield code="2">22/ger</subfield>
    </datafield>
    <datafield ind1="7" ind2=" " tag="083">
      <subfield code="a">330</subfield>
      <subfield code="a">570</subfield>
      <subfield code="q">DE-101</subfield>
      <subfield code="2">22sdnb</subfield>
    </datafield>
    <datafield ind1=" " ind2=" " tag="084">
      <subfield code="a">330</subfield>
      <subfield code="a">570</subfield>
      <subfield code="q">DE-101</subfield>
      <subfield code="2">sdnb</subfield>
    </datafield>
    <datafield ind1=" " ind2=" " tag="085">
      <subfield code="8">1\x</subfield>
      <subfield code="b">333.72</subfield>
    </datafield>
    <datafield ind1=" " ind2=" " tag="090">
      <subfield code="a">b</subfield>
    </datafield>
    <datafield ind1="1" ind2="0" tag="245">
      <subfield code="a">Wildnis - Werte - Wirtschaft</subfield>
      <subfield code="b">Tagungsband zum Aldo-Leopold-Symposium vom 8. bis 11. November 2007, Botanische Staatssammlung im Botanischen Garten München-Nymphenburg</subfield>
      <subfield code="c">Aldo-Leopold-Forum für Umweltethik e.V. In Zusammenarbeit mit dem Staatsministerium für Umwelt und Gesundheit und der Dozentur Wildökologie, Technische Universität Dresden. Hrsg. von Sven Herzog ...</subfield>
    </datafield>
    <datafield ind1=" " ind2=" " tag="250">
      <subfield code="a">1. Aufl.</subfield>
    </datafield>
    <datafield ind1=" " ind2=" " tag="259">
      <subfield code="a">11</subfield>
    </datafield>
    <datafield ind1="3" ind2=" " tag="260">
      <subfield code="a">[Hamburg]</subfield>
      <subfield code="b">Aldo-Leopold-Forum für Umweltethik e.V.</subfield>
      <subfield code="c">2009</subfield>
    </datafield>
    <datafield ind1=" " ind2=" " tag="300">
      <subfield code="a">143 S.</subfield>
      <subfield code="b">Ill., graph. Darst.</subfield>
      <subfield code="c">30 cm</subfield>
    </datafield>
    <datafield ind1=" " ind2=" " tag="500">
      <subfield code="a">Literaturangaben</subfield>
    </datafield>
    <datafield ind1="1" ind2=" " tag="700">
      <subfield code="0">(DE-588)11159748X</subfield>
      <subfield code="0">(DE-101)11159748X</subfield>
      <subfield code="a">Herzog, Sven</subfield>
      <subfield code="d">1961-</subfield>
      <subfield code="4">edt</subfield>
      <subfield code="e">Hrsg.</subfield>
    </datafield>
    <datafield ind1="2" ind2=" " tag="710">
      <subfield code="0">(DE-588)16026737-7</subfield>
      <subfield code="0">(DE-101)997874058</subfield>
      <subfield code="a">Aldo-Leopold-Forum für Umweltethik</subfield>
    </datafield>
    <datafield ind1="2" ind2=" " tag="711">
      <subfield code="0">(DE-588)16026721-3</subfield>
      <subfield code="0">(DE-101)997870974</subfield>
      <subfield code="a">Aldo-Leopold-Symposium</subfield>
      <subfield code="n">1</subfield>
      <subfield code="d">2007</subfield>
      <subfield code="c">München</subfield>
    </datafield>
    <datafield ind1="r" ind2=" " tag="925">
      <subfield code="a">rb</subfield>
    </datafield>
  </record>