
  <record>
    <leader>01942nam a2200457 c 4500</leader>
    <controlfield tag="001">997030801</controlfield>
    <controlfield tag="003">DE-101</controlfield>
    <controlfield tag="005">20100526163327.0</controlfield>
    <controlfield tag="007">tu</controlfield>
    <controlfield tag="008">090925s2008    gw |||||r|||| 00||||ger  </controlfield>
    <datafield ind1=" " ind2=" " tag="015">
      <subfield code="a">09,A46,1583</subfield>
      <subfield code="2">dnb</subfield>
    </datafield>
    <datafield ind1="7" ind2=" " tag="016">
      <subfield code="2">DE-101</subfield>
      <subfield code="a">997030801</subfield>
    </datafield>
    <datafield ind1=" " ind2=" " tag="020">
      <subfield code="a">9783937996165</subfield>
      <subfield code="c">kart. : EUR 29.80 (DE), EUR 32.80 (AT, freier Pr.), sfr 48.00 (freier Pr.)</subfield>
      <subfield code="9">978-3-937996-16-5</subfield>
    </datafield>
    <datafield ind1="3" ind2=" " tag="024">
      <subfield code="a">9783937996165</subfield>
    </datafield>
    <datafield ind1=" " ind2=" " tag="035">
      <subfield code="a">(DE-599)DNB997030801</subfield>
    </datafield>
    <datafield ind1=" " ind2=" " tag="035">
      <subfield code="a">(OCoLC)316308800</subfield>
    </datafield>
    <datafield ind1=" " ind2=" " tag="040">
      <subfield code="a">1245</subfield>
      <subfield code="b">ger</subfield>
      <subfield code="c">DE-101</subfield>
      <subfield code="d">1250</subfield>
      <subfield code="e">rakwb</subfield>
    </datafield>
    <datafield ind1=" " ind2=" " tag="041">
      <subfield code="a">ger</subfield>
    </datafield>
    <datafield ind1=" " ind2=" " tag="044">
      <subfield code="c">XA-DE-BY</subfield>
    </datafield>
    <datafield ind1="0" ind2="4" tag="082">
      <subfield code="8">1\x</subfield>
      <subfield code="a">658.408</subfield>
      <subfield code="q">DE-101</subfield>
      <subfield code="2">22/ger</subfield>
    </datafield>
    <datafield ind1="7" ind2=" " tag="083">
      <subfield code="a">650</subfield>
      <subfield code="q">DE-101</subfield>
      <subfield code="2">22sdnb</subfield>
    </datafield>
    <datafield ind1=" " ind2=" " tag="084">
      <subfield code="a">650</subfield>
      <subfield code="q">DE-101</subfield>
      <subfield code="2">sdnb</subfield>
    </datafield>
    <datafield ind1=" " ind2=" " tag="085">
      <subfield code="8">1\x</subfield>
      <subfield code="b">658.408</subfield>
    </datafield>
    <datafield ind1=" " ind2=" " tag="090">
      <subfield code="a">b</subfield>
    </datafield>
    <datafield ind1="1" ind2="0" tag="245">
      <subfield code="a">WerteWirtschaft</subfield>
      <subfield code="b">Nachhaltigkeit und gesellschaftliche Verantwortung als Basis für Kommunikation und Markenführung</subfield>
      <subfield code="c">Michael Geiss ; Klaus Gourgé (Hrsg.)</subfield>
    </datafield>
    <datafield ind1="1" ind2="3" tag="246">
      <subfield code="a">Werte Wirtschaft</subfield>
    </datafield>
    <datafield ind1=" " ind2=" " tag="250">
      <subfield code="a">1. Aufl.</subfield>
    </datafield>
    <datafield ind1=" " ind2=" " tag="259">
      <subfield code="a">11</subfield>
    </datafield>
    <datafield ind1="3" ind2=" " tag="260">
      <subfield code="a">Miltenberg</subfield>
      <subfield code="a">Frankfurt, M.</subfield>
      <subfield code="b">Plexus-Verl.</subfield>
      <subfield code="c">2008</subfield>
    </datafield>
    <datafield ind1=" " ind2=" " tag="300">
      <subfield code="a">160 S.</subfield>
      <subfield code="b">Ill., graph. Darst.</subfield>
      <subfield code="c">24 cm, 562 gr.</subfield>
    </datafield>
    <datafield ind1=" " ind2="7" tag="650">
      <subfield code="0">(DE-588)7697760-2</subfield>
      <subfield code="0">(DE-101)1001443063</subfield>
      <subfield code="a">Corporate Social Responsibility</subfield>
      <subfield code="2">gnd</subfield>
    </datafield>
    <datafield ind1=" " ind2="7" tag="650">
      <subfield code="0">(DE-588)4315691-5</subfield>
      <subfield code="0">(DE-101)043156916</subfield>
      <subfield code="a">Nachhaltige Entwicklung</subfield>
      <subfield code="2">gnd</subfield>
    </datafield>
    <datafield ind1=" " ind2="7" tag="650">
      <subfield code="0">(DE-588)4043188-5</subfield>
      <subfield code="0">(DE-101)040431886</subfield>
      <subfield code="a">Öffentlichkeitsarbeit</subfield>
      <subfield code="2">gnd</subfield>
    </datafield>
    <datafield ind1="0" ind2="0" tag="689">
      <subfield code="0">(DE-588)7697760-2</subfield>
      <subfield code="0">(DE-101)1001443063</subfield>
      <subfield code="D">s</subfield>
      <subfield code="a">Corporate Social Responsibility</subfield>
    </datafield>
    <datafield ind1="0" ind2="1" tag="689">
      <subfield code="0">(DE-588)4315691-5</subfield>
      <subfield code="0">(DE-101)043156916</subfield>
      <subfield code="D">s</subfield>
      <subfield code="a">Nachhaltige Entwicklung</subfield>
    </datafield>
    <datafield ind1="0" ind2="2" tag="689">
      <subfield code="0">(DE-588)4043188-5</subfield>
      <subfield code="0">(DE-101)040431886</subfield>
      <subfield code="D">s</subfield>
      <subfield code="a">Öffentlichkeitsarbeit</subfield>
    </datafield>
    <datafield ind1="0" ind2=" " tag="689">
      <subfield code="5">DE-101</subfield>
      <subfield code="5">DE-101</subfield>
    </datafield>
    <datafield ind1="1" ind2=" " tag="700">
      <subfield code="0">(DE-588)124403883</subfield>
      <subfield code="0">(DE-101)124403883</subfield>
      <subfield code="a">Geiss, Michael</subfield>
      <subfield code="4">edt</subfield>
      <subfield code="e">Hrsg.</subfield>
    </datafield>
    <datafield ind1="4" ind2="2" tag="856">
      <subfield code="m">B:DE-101</subfield>
      <subfield code="q">application/pdf</subfield>
      <subfield code="u">http://d-nb.info/997030801/04</subfield>
      <subfield code="3">Inhaltsverzeichnis</subfield>
    </datafield>
    <datafield ind1="4" ind2="2" tag="856">
      <subfield code="m">X:MVB</subfield>
      <subfield code="q">text/html</subfield>
      <subfield code="u">http://www.thema-communications.de/files/wertewirtschaft_vorwort.pdf</subfield>
      <subfield code="3">Einführung/Vorwort</subfield>
    </datafield>
    <datafield ind1="r" ind2=" " tag="925">
      <subfield code="a">ra</subfield>
    </datafield>
  </record>