
  <record>
    <leader>00884nam a2200241 c 4500</leader>
    <controlfield tag="001">997720298</controlfield>
    <controlfield tag="003">DE-101</controlfield>
    <controlfield tag="005">20091221123555.0</controlfield>
    <controlfield tag="007">tu</controlfield>
    <controlfield tag="008">091028s1963    gw |||||r|||| 00||||ger  </controlfield>
    <datafield ind1="7" ind2=" " tag="016">
      <subfield code="2">DE-101</subfield>
      <subfield code="a">997720298</subfield>
    </datafield>
    <datafield ind1=" " ind2=" " tag="020">
      <subfield code="c">kart.</subfield>
    </datafield>
    <datafield ind1=" " ind2=" " tag="035">
      <subfield code="a">(DE-599)DNB997720298</subfield>
    </datafield>
    <datafield ind1=" " ind2=" " tag="035">
      <subfield code="a">(OCoLC)258325999</subfield>
    </datafield>
    <datafield ind1=" " ind2=" " tag="040">
      <subfield code="a">1239</subfield>
      <subfield code="b">ger</subfield>
      <subfield code="c">DE-101</subfield>
      <subfield code="d">1250</subfield>
      <subfield code="e">rakwb</subfield>
    </datafield>
    <datafield ind1=" " ind2=" " tag="041">
      <subfield code="a">ger</subfield>
    </datafield>
    <datafield ind1=" " ind2=" " tag="044">
      <subfield code="c">XA-DE</subfield>
    </datafield>
    <datafield ind1="7" ind2="4" tag="082">
      <subfield code="a">700</subfield>
      <subfield code="a">230</subfield>
      <subfield code="q">DE-101</subfield>
      <subfield code="2">22sdnb</subfield>
    </datafield>
    <datafield ind1=" " ind2=" " tag="084">
      <subfield code="a">700</subfield>
      <subfield code="a">230</subfield>
      <subfield code="q">DE-101</subfield>
      <subfield code="2">sdnb</subfield>
    </datafield>
    <datafield ind1="1" ind2="0" tag="245">
      <subfield code="a">Koptische Kunst</subfield>
      <subfield code="b">Christentum am Nil ; 3. Mai bis 15. August 1963 in Villa Hügel, Essen</subfield>
      <subfield code="c">Veranst. der Ausstellung: Gemeinnütziger Verein Villa Hügel e.V.. Essen-Bredeney</subfield>
    </datafield>
    <datafield ind1="3" ind2=" " tag="260">
      <subfield code="a">Essen-Bredeney</subfield>
      <subfield code="b">Gemeinnütziger Verein Villa Hügel</subfield>
      <subfield code="c">1963, [1963]</subfield>
    </datafield>
    <datafield ind1=" " ind2=" " tag="300">
      <subfield code="a">628 S.</subfield>
      <subfield code="b">Ill., graph. Darst., Noten</subfield>
      <subfield code="c">24 cm</subfield>
    </datafield>
    <datafield ind1="2" ind2=" " tag="710">
      <subfield code="0">(DE-588)2025575-5</subfield>
      <subfield code="0">(DE-101)004826248</subfield>
      <subfield code="a">Gemeinnütziger Verein Villa Hügel</subfield>
    </datafield>
  </record>