
  <record>
    <leader>02298pam a2200565 c 4500</leader>
    <controlfield tag="001">998384607</controlfield>
    <controlfield tag="003">DE-101</controlfield>
    <controlfield tag="005">20110714223333.0</controlfield>
    <controlfield tag="007">tu</controlfield>
    <controlfield tag="008">091118s2010    gw |||||r|||| 00||||ger  </controlfield>
    <datafield ind1=" " ind2=" " tag="015">
      <subfield code="a">11,A29</subfield>
      <subfield code="z">09,N50,0670</subfield>
      <subfield code="2">dnb</subfield>
    </datafield>
    <datafield ind1="7" ind2=" " tag="016">
      <subfield code="2">DE-101</subfield>
      <subfield code="a">998384607</subfield>
    </datafield>
    <datafield ind1=" " ind2=" " tag="020">
      <subfield code="a">9783643104892</subfield>
      <subfield code="c">kart. : EUR 19.90, sfr 31.90 (freier Pr.)</subfield>
      <subfield code="9">978-3-643-10489-2</subfield>
    </datafield>
    <datafield ind1="3" ind2=" " tag="024">
      <subfield code="a">9783643104892</subfield>
    </datafield>
    <datafield ind1=" " ind2=" " tag="035">
      <subfield code="a">(DE-599)DNB998384607</subfield>
    </datafield>
    <datafield ind1=" " ind2=" " tag="035">
      <subfield code="a">(OCoLC)633641618</subfield>
    </datafield>
    <datafield ind1=" " ind2=" " tag="040">
      <subfield code="a">1145</subfield>
      <subfield code="b">ger</subfield>
      <subfield code="c">DE-101</subfield>
      <subfield code="d">9999</subfield>
      <subfield code="e">rakwb</subfield>
    </datafield>
    <datafield ind1=" " ind2=" " tag="041">
      <subfield code="a">ger</subfield>
    </datafield>
    <datafield ind1=" " ind2=" " tag="044">
      <subfield code="c">XA-DE-BE</subfield>
    </datafield>
    <datafield ind1="0" ind2="4" tag="082">
      <subfield code="8">1\x</subfield>
      <subfield code="a">241.644</subfield>
      <subfield code="q">DE-101</subfield>
      <subfield code="2">22/ger</subfield>
    </datafield>
    <datafield ind1="0" ind2=" " tag="083">
      <subfield code="8">2\x</subfield>
      <subfield code="a">261.8</subfield>
      <subfield code="q">DE-101</subfield>
      <subfield code="2">22/ger</subfield>
    </datafield>
    <datafield ind1="7" ind2=" " tag="083">
      <subfield code="a">230</subfield>
      <subfield code="a">330</subfield>
      <subfield code="q">DE-101</subfield>
      <subfield code="2">22sdnb</subfield>
    </datafield>
    <datafield ind1=" " ind2=" " tag="084">
      <subfield code="a">230</subfield>
      <subfield code="a">330</subfield>
      <subfield code="q">DE-101</subfield>
      <subfield code="2">sdnb</subfield>
    </datafield>
    <datafield ind1=" " ind2=" " tag="085">
      <subfield code="8">1\x</subfield>
      <subfield code="b">241.6</subfield>
    </datafield>
    <datafield ind1=" " ind2=" " tag="085">
      <subfield code="8">1\x</subfield>
      <subfield code="s">174.4</subfield>
    </datafield>
    <datafield ind1=" " ind2=" " tag="085">
      <subfield code="8">2\x</subfield>
      <subfield code="b">261.8</subfield>
    </datafield>
    <datafield ind1=" " ind2=" " tag="090">
      <subfield code="a">b</subfield>
    </datafield>
    <datafield ind1="1" ind2=" " tag="100">
      <subfield code="0">(DE-588)105199915</subfield>
      <subfield code="0">(DE-101)105199915</subfield>
      <subfield code="a">Hanssmann, Friedrich</subfield>
      <subfield code="d">1929-</subfield>
      <subfield code="4">aut</subfield>
    </datafield>
    <datafield ind1="1" ind2="0" tag="245">
      <subfield code="a">Christliche Werte in Wirtschaft und Gesellschaft</subfield>
      <subfield code="c">Friedrich Hanssmann</subfield>
    </datafield>
    <datafield ind1="3" ind2=" " tag="260">
      <subfield code="a">Berlin</subfield>
      <subfield code="a">Münster</subfield>
      <subfield code="b">Lit</subfield>
      <subfield code="c">2010</subfield>
    </datafield>
    <datafield ind1=" " ind2=" " tag="300">
      <subfield code="a">II, 171 S.</subfield>
      <subfield code="b">graph. Darst.</subfield>
      <subfield code="c">24 cm</subfield>
    </datafield>
    <datafield ind1="1" ind2=" " tag="490">
      <subfield code="a">Zeitdiagnosen</subfield>
      <subfield code="v">Bd. 22</subfield>
    </datafield>
    <datafield ind1=" " ind2=" " tag="500">
      <subfield code="a">Literaturangaben</subfield>
    </datafield>
    <datafield ind1=" " ind2="7" tag="650">
      <subfield code="0">(DE-588)4135971-9</subfield>
      <subfield code="0">(DE-101)041359712</subfield>
      <subfield code="a">Wertordnung</subfield>
      <subfield code="2">gnd</subfield>
    </datafield>
    <datafield ind1=" " ind2="7" tag="650">
      <subfield code="0">(DE-588)4121094-3</subfield>
      <subfield code="0">(DE-101)041210948</subfield>
      <subfield code="a">Christliche Sozialethik</subfield>
      <subfield code="2">gnd</subfield>
    </datafield>
    <datafield ind1=" " ind2="7" tag="650">
      <subfield code="0">(DE-588)4066438-7</subfield>
      <subfield code="0">(DE-101)040664384</subfield>
      <subfield code="a">Wirtschaftsentwicklung</subfield>
      <subfield code="2">gnd</subfield>
    </datafield>
    <datafield ind1=" " ind2="7" tag="650">
      <subfield code="0">(DE-588)4020588-5</subfield>
      <subfield code="0">(DE-101)040205886</subfield>
      <subfield code="a">Gesellschaft</subfield>
      <subfield code="2">gnd</subfield>
    </datafield>
    <datafield ind1=" " ind2="7" tag="650">
      <subfield code="0">(DE-588)4113450-3</subfield>
      <subfield code="0">(DE-101)041134508</subfield>
      <subfield code="a">Entwicklung</subfield>
      <subfield code="2">gnd</subfield>
    </datafield>
    <datafield ind1=" " ind2="7" tag="655">
      <subfield code="a">Aufsatzsammlung</subfield>
      <subfield code="2">gnd</subfield>
    </datafield>
    <datafield ind1="0" ind2="0" tag="689">
      <subfield code="0">(DE-588)4135971-9</subfield>
      <subfield code="0">(DE-101)041359712</subfield>
      <subfield code="D">s</subfield>
      <subfield code="a">Wertordnung</subfield>
    </datafield>
    <datafield ind1="0" ind2="1" tag="689">
      <subfield code="0">(DE-588)4121094-3</subfield>
      <subfield code="0">(DE-101)041210948</subfield>
      <subfield code="D">s</subfield>
      <subfield code="a">Christliche Sozialethik</subfield>
    </datafield>
    <datafield ind1="0" ind2="2" tag="689">
      <subfield code="0">(DE-588)4066438-7</subfield>
      <subfield code="0">(DE-101)040664384</subfield>
      <subfield code="D">s</subfield>
      <subfield code="a">Wirtschaftsentwicklung</subfield>
    </datafield>
    <datafield ind1="0" ind2="3" tag="689">
      <subfield code="0">(DE-588)4020588-5</subfield>
      <subfield code="0">(DE-101)040205886</subfield>
      <subfield code="D">s</subfield>
      <subfield code="a">Gesellschaft</subfield>
    </datafield>
    <datafield ind1="0" ind2="4" tag="689">
      <subfield code="0">(DE-588)4113450-3</subfield>
      <subfield code="0">(DE-101)041134508</subfield>
      <subfield code="D">s</subfield>
      <subfield code="a">Entwicklung</subfield>
    </datafield>
    <datafield ind1="0" ind2="5" tag="689">
      <subfield code="A">f</subfield>
      <subfield code="a">Aufsatzsammlung</subfield>
    </datafield>
    <datafield ind1="0" ind2=" " tag="689">
      <subfield code="5">DE-101</subfield>
      <subfield code="5">DE-101</subfield>
    </datafield>
    <datafield ind1=" " ind2="0" tag="830">
      <subfield code="a">Zeitdiagnosen</subfield>
      <subfield code="v">Bd. 22</subfield>
      <subfield code="w">(DE-101)026651017</subfield>
      <subfield code="w">(DE-600)2166840-1</subfield>
      <subfield code="9">222</subfield>
    </datafield>
    <datafield ind1="4" ind2="2" tag="856">
      <subfield code="m">B:DE-101</subfield>
      <subfield code="q">application/pdf</subfield>
      <subfield code="u">http://d-nb.info/998384607/04</subfield>
      <subfield code="3">Inhaltsverzeichnis</subfield>
    </datafield>
    <datafield ind1="4" ind2="2" tag="856">
      <subfield code="m">X:MVB</subfield>
      <subfield code="q">text/html</subfield>
      <subfield code="u">http://deposit.d-nb.de/cgi-bin/dokserv?id=3379208&amp;prov=M&amp;dok_var=1&amp;dok_ext=htm</subfield>
      <subfield code="3">Inhaltstext</subfield>
    </datafield>
    <datafield ind1="r" ind2=" " tag="925">
      <subfield code="a">ra</subfield>
    </datafield>
  </record>