
  <record>
    <leader>00897ncm a2200265 c 4500</leader>
    <controlfield tag="001">1000726304</controlfield>
    <controlfield tag="003">DE-101</controlfield>
    <controlfield tag="005">20100625152057.0</controlfield>
    <controlfield tag="007">q|</controlfield>
    <controlfield tag="008">100309s1969    gw |||||r|||||||||||ger  </controlfield>
    <datafield ind1=" " ind2=" " tag="015">
      <subfield code="a">08,L01</subfield>
      <subfield code="2">dnb</subfield>
    </datafield>
    <datafield ind1="7" ind2=" " tag="016">
      <subfield code="2">DE-101</subfield>
      <subfield code="a">1000726304</subfield>
    </datafield>
    <datafield ind1=" " ind2=" " tag="035">
      <subfield code="a">(DE-599)DNB1000726304</subfield>
    </datafield>
    <datafield ind1=" " ind2=" " tag="035">
      <subfield code="a">(OCoLC)724271023</subfield>
    </datafield>
    <datafield ind1=" " ind2=" " tag="040">
      <subfield code="a">1140</subfield>
      <subfield code="b">ger</subfield>
      <subfield code="c">DE-101</subfield>
      <subfield code="d">1140</subfield>
    </datafield>
    <datafield ind1=" " ind2=" " tag="041">
      <subfield code="a">ger</subfield>
    </datafield>
    <datafield ind1=" " ind2=" " tag="044">
      <subfield code="c">XA-DE</subfield>
    </datafield>
    <datafield ind1="1" ind2=" " tag="100">
      <subfield code="0">(DE-588)134435370</subfield>
      <subfield code="0">(DE-101)134435370</subfield>
      <subfield code="a">Krüger, Horst</subfield>
      <subfield code="d">1942-</subfield>
      <subfield code="4">aut</subfield>
    </datafield>
    <datafield ind1="1" ind2="0" tag="245">
      <subfield code="a">Drei Musketiere</subfield>
      <subfield code="b">drei Musketiere ziehen durch das ganze Land ; Dixieland-Foxtr.</subfield>
      <subfield code="c">Horst Krüger</subfield>
    </datafield>
    <datafield ind1=" " ind2=" " tag="249">
      <subfield code="a">Kleines Boot : kleines Boot, nimm unsre Sorgen! ; Foxtr. / Arndt Bause</subfield>
    </datafield>
    <datafield ind1="3" ind2=" " tag="260">
      <subfield code="a">Leipzig</subfield>
      <subfield code="a">Berlin</subfield>
      <subfield code="b">Harth-Musik-Verl.</subfield>
      <subfield code="c">1969</subfield>
    </datafield>
    <datafield ind1=" " ind2=" " tag="300">
      <subfield code="a">2 Bl.</subfield>
      <subfield code="c">4 u. 8</subfield>
      <subfield code="e">2 Combo-St.</subfield>
    </datafield>
    <datafield ind1="1" ind2=" " tag="490">
      <subfield code="a">Liliput- Serie</subfield>
      <subfield code="v">270</subfield>
    </datafield>
    <datafield ind1=" " ind2=" " tag="500">
      <subfield code="a">Für Ges. m. Klav. m. Bez. &lt;S.-Orch. (Combo)&gt;</subfield>
    </datafield>
    <datafield ind1=" " ind2="0" tag="830">
      <subfield code="a">Liliput- Serie</subfield>
      <subfield code="v">270</subfield>
    </datafield>
  </record>