
  <record>
    <leader>00742ncm a2200241 c 4500</leader>
    <controlfield tag="001">100173159X</controlfield>
    <controlfield tag="003">DE-101</controlfield>
    <controlfield tag="005">20100607202559.0</controlfield>
    <controlfield tag="007">q|</controlfield>
    <controlfield tag="008">100421s1964    gw |||||r|||||||||||ger  </controlfield>
    <datafield ind1=" " ind2=" " tag="015">
      <subfield code="a">08,L01</subfield>
      <subfield code="2">dnb</subfield>
    </datafield>
    <datafield ind1="7" ind2=" " tag="016">
      <subfield code="2">DE-101</subfield>
      <subfield code="a">100173159X</subfield>
    </datafield>
    <datafield ind1="3" ind2="2" tag="028">
      <subfield code="a">[Nr.] 2125-E  : sfr 2.10</subfield>
    </datafield>
    <datafield ind1=" " ind2=" " tag="035">
      <subfield code="a">(DE-599)DNB100173159X</subfield>
    </datafield>
    <datafield ind1=" " ind2=" " tag="035">
      <subfield code="a">(OCoLC)724631523</subfield>
    </datafield>
    <datafield ind1=" " ind2=" " tag="040">
      <subfield code="a">1140</subfield>
      <subfield code="b">ger</subfield>
      <subfield code="c">DE-101</subfield>
      <subfield code="d">1140</subfield>
    </datafield>
    <datafield ind1=" " ind2=" " tag="041">
      <subfield code="a">ger</subfield>
    </datafield>
    <datafield ind1=" " ind2=" " tag="044">
      <subfield code="c">XA-DE</subfield>
    </datafield>
    <datafield ind1="1" ind2=" " tag="100">
      <subfield code="0">(DE-588)121872548</subfield>
      <subfield code="0">(DE-101)121872548</subfield>
      <subfield code="a">Bruhn, Christian</subfield>
      <subfield code="d">1934-</subfield>
      <subfield code="4">aut</subfield>
    </datafield>
    <datafield ind1="1" ind2="0" tag="245">
      <subfield code="a">Drei Musketiere</subfield>
      <subfield code="b">oh, hoho, drei Musketiere, die ziehn ; Foxtr.</subfield>
      <subfield code="c">Christian Bruhn</subfield>
    </datafield>
    <datafield ind1="3" ind2=" " tag="260">
      <subfield code="a">Uster[/Schweiz]</subfield>
      <subfield code="b">Flora-Musikverl.</subfield>
      <subfield code="a">Zürich</subfield>
      <subfield code="b">Helbling</subfield>
      <subfield code="c">1964</subfield>
    </datafield>
    <datafield ind1=" " ind2=" " tag="300">
      <subfield code="a">2 Bl.</subfield>
      <subfield code="c">qu.8</subfield>
    </datafield>
    <datafield ind1=" " ind2=" " tag="500">
      <subfield code="a">Für Harmka m. Text</subfield>
    </datafield>
  </record>