
  <record>
    <leader>01791pam a2200433 c 4500</leader>
    <controlfield tag="001">1001890523</controlfield>
    <controlfield tag="003">DE-101</controlfield>
    <controlfield tag="005">20121211081024.0</controlfield>
    <controlfield tag="007">tu</controlfield>
    <controlfield tag="008">100426s2010    gw |||||r|||| 00||||ger  </controlfield>
    <datafield ind1=" " ind2=" " tag="015">
      <subfield code="a">10,A33</subfield>
      <subfield code="z">10,N18</subfield>
      <subfield code="2">dnb</subfield>
    </datafield>
    <datafield ind1="7" ind2=" " tag="016">
      <subfield code="2">DE-101</subfield>
      <subfield code="a">1001890523</subfield>
    </datafield>
    <datafield ind1=" " ind2=" " tag="020">
      <subfield code="a">9783451323522</subfield>
      <subfield code="c">kart. : EUR 19.95 (DE), EUR 20.60 (AT), sfr 33.50 (freier Pr.)</subfield>
      <subfield code="9">978-3-451-32352-2</subfield>
    </datafield>
    <datafield ind1="3" ind2=" " tag="024">
      <subfield code="a">9783451323522</subfield>
    </datafield>
    <datafield ind1=" " ind2=" " tag="035">
      <subfield code="a">(DE-599)DNB1001890523</subfield>
    </datafield>
    <datafield ind1=" " ind2=" " tag="035">
      <subfield code="a">(OCoLC)658234124</subfield>
    </datafield>
    <datafield ind1=" " ind2=" " tag="040">
      <subfield code="a">1245</subfield>
      <subfield code="b">ger</subfield>
      <subfield code="c">DE-101</subfield>
      <subfield code="d">1250</subfield>
      <subfield code="e">rakwb</subfield>
    </datafield>
    <datafield ind1=" " ind2=" " tag="041">
      <subfield code="a">ger</subfield>
    </datafield>
    <datafield ind1=" " ind2=" " tag="044">
      <subfield code="c">XA-DE-BW</subfield>
      <subfield code="c">XA-CH</subfield>
      <subfield code="c">XA-AT</subfield>
    </datafield>
    <datafield ind1="0" ind2="4" tag="082">
      <subfield code="8">1\x</subfield>
      <subfield code="a">372.0114</subfield>
      <subfield code="q">DE-101</subfield>
      <subfield code="2">22/ger</subfield>
    </datafield>
    <datafield ind1="7" ind2=" " tag="083">
      <subfield code="a">370</subfield>
      <subfield code="a">100</subfield>
      <subfield code="q">DE-101</subfield>
      <subfield code="2">22sdnb</subfield>
    </datafield>
    <datafield ind1=" " ind2=" " tag="084">
      <subfield code="a">370</subfield>
      <subfield code="a">100</subfield>
      <subfield code="q">DE-101</subfield>
      <subfield code="2">sdnb</subfield>
    </datafield>
    <datafield ind1=" " ind2=" " tag="085">
      <subfield code="8">1\x</subfield>
      <subfield code="b">372.011</subfield>
    </datafield>
    <datafield ind1=" " ind2=" " tag="085">
      <subfield code="8">1\x</subfield>
      <subfield code="s">370.114</subfield>
    </datafield>
    <datafield ind1=" " ind2=" " tag="090">
      <subfield code="a">b</subfield>
    </datafield>
    <datafield ind1="1" ind2=" " tag="100">
      <subfield code="0">(DE-588)141855606</subfield>
      <subfield code="0">(DE-101)141855606</subfield>
      <subfield code="a">Zeitler, Katharina</subfield>
      <subfield code="4">aut</subfield>
    </datafield>
    <datafield ind1="1" ind2="0" tag="245">
      <subfield code="a">Siehst du die Welt auch so wie ich?</subfield>
      <subfield code="b">philosophieren in der Kita ; mit Kindern fragen, nachdenken, Werte erfahren</subfield>
      <subfield code="c">Katharina Zeitler. Hrsg. im Auftr. der Akademie Kinder Philosophieren im Bildungswerk der Bayrischen Wirtschaft e.V.</subfield>
    </datafield>
    <datafield ind1="3" ind2=" " tag="260">
      <subfield code="a">Freiburg, Br.</subfield>
      <subfield code="a">Basel</subfield>
      <subfield code="a">Wien</subfield>
      <subfield code="b">Herder</subfield>
      <subfield code="c">2010</subfield>
    </datafield>
    <datafield ind1=" " ind2=" " tag="300">
      <subfield code="a">112 S.</subfield>
      <subfield code="b">Ill.</subfield>
      <subfield code="c">26 cm</subfield>
    </datafield>
    <datafield ind1=" " ind2=" " tag="500">
      <subfield code="a">Literaturangaben</subfield>
    </datafield>
    <datafield ind1=" " ind2="7" tag="650">
      <subfield code="0">(DE-588)4045791-6</subfield>
      <subfield code="0">(DE-101)040457915</subfield>
      <subfield code="a">Philosophie</subfield>
      <subfield code="2">gnd</subfield>
    </datafield>
    <datafield ind1=" " ind2="7" tag="650">
      <subfield code="0">(DE-588)4030638-0</subfield>
      <subfield code="0">(DE-101)040306380</subfield>
      <subfield code="a">Kindertagesstätte</subfield>
      <subfield code="2">gnd</subfield>
    </datafield>
    <datafield ind1=" " ind2="7" tag="650">
      <subfield code="0">(DE-588)4064017-6</subfield>
      <subfield code="0">(DE-101)040640175</subfield>
      <subfield code="a">Vorschulkind</subfield>
      <subfield code="2">gnd</subfield>
    </datafield>
    <datafield ind1="0" ind2="0" tag="689">
      <subfield code="0">(DE-588)4045791-6</subfield>
      <subfield code="0">(DE-101)040457915</subfield>
      <subfield code="D">s</subfield>
      <subfield code="a">Philosophie</subfield>
    </datafield>
    <datafield ind1="0" ind2="1" tag="689">
      <subfield code="0">(DE-588)4030638-0</subfield>
      <subfield code="0">(DE-101)040306380</subfield>
      <subfield code="D">s</subfield>
      <subfield code="a">Kindertagesstätte</subfield>
    </datafield>
    <datafield ind1="0" ind2="2" tag="689">
      <subfield code="0">(DE-588)4064017-6</subfield>
      <subfield code="0">(DE-101)040640175</subfield>
      <subfield code="D">s</subfield>
      <subfield code="a">Vorschulkind</subfield>
    </datafield>
    <datafield ind1="0" ind2=" " tag="689">
      <subfield code="5">DE-101</subfield>
      <subfield code="5">DE-101</subfield>
    </datafield>
    <datafield ind1="4" ind2="2" tag="856">
      <subfield code="m">B:DE-101</subfield>
      <subfield code="q">application/pdf</subfield>
      <subfield code="u">http://d-nb.info/1001890523/04</subfield>
      <subfield code="3">Inhaltsverzeichnis</subfield>
    </datafield>
    <datafield ind1="r" ind2=" " tag="925">
      <subfield code="a">ra</subfield>
    </datafield>
  </record>