
  <record>
    <leader>01210nam a2200313 c 4500</leader>
    <controlfield tag="001">1001925572</controlfield>
    <controlfield tag="003">DE-101</controlfield>
    <controlfield tag="005">20110914040239.0</controlfield>
    <controlfield tag="007">tu</controlfield>
    <controlfield tag="008">100427s2009    au |||||r|||| 00||||ger  </controlfield>
    <datafield ind1=" " ind2=" " tag="015">
      <subfield code="a">10,B20</subfield>
      <subfield code="2">dnb</subfield>
    </datafield>
    <datafield ind1="7" ind2=" " tag="016">
      <subfield code="2">DE-101</subfield>
      <subfield code="a">1001925572</subfield>
    </datafield>
    <datafield ind1=" " ind2=" " tag="020">
      <subfield code="c">geh.</subfield>
    </datafield>
    <datafield ind1=" " ind2=" " tag="035">
      <subfield code="a">(DE-599)DNB1001925572</subfield>
    </datafield>
    <datafield ind1=" " ind2=" " tag="035">
      <subfield code="a">(OCoLC)624484354</subfield>
    </datafield>
    <datafield ind1=" " ind2=" " tag="040">
      <subfield code="a">1131</subfield>
      <subfield code="b">ger</subfield>
      <subfield code="c">DE-101</subfield>
      <subfield code="d">9999</subfield>
      <subfield code="e">rakwb</subfield>
    </datafield>
    <datafield ind1=" " ind2=" " tag="041">
      <subfield code="a">ger</subfield>
    </datafield>
    <datafield ind1=" " ind2=" " tag="044">
      <subfield code="c">XA-AT</subfield>
    </datafield>
    <datafield ind1="7" ind2="4" tag="082">
      <subfield code="a">330</subfield>
      <subfield code="q">DE-101</subfield>
      <subfield code="2">22sdnb</subfield>
    </datafield>
    <datafield ind1=" " ind2=" " tag="084">
      <subfield code="a">330</subfield>
      <subfield code="q">DE-101</subfield>
      <subfield code="2">sdnb</subfield>
    </datafield>
    <datafield ind1=" " ind2=" " tag="090">
      <subfield code="a">b</subfield>
    </datafield>
    <datafield ind1="1" ind2="0" tag="245">
      <subfield code="a">Jugend und Wirtschaft in Tirol</subfield>
      <subfield code="b">Werte, Meinungen und Sichtweisen der Tiroler Jugend</subfield>
      <subfield code="c">WKO Wirtschaftskammer Tirol. [Hrsg.: Volkswirtschaftliche Abteilung, Wirtschaftskammer Tirol]. Autorenteam: Marlene Hopfgartner ...</subfield>
    </datafield>
    <datafield ind1="3" ind2=" " tag="260">
      <subfield code="a">Innsbruck</subfield>
      <subfield code="b">Volkswirtschaftliche Abt., WKO</subfield>
      <subfield code="c">2009</subfield>
    </datafield>
    <datafield ind1=" " ind2=" " tag="300">
      <subfield code="a">21 S.</subfield>
      <subfield code="b">graph. Darst.</subfield>
      <subfield code="c">30 cm</subfield>
    </datafield>
    <datafield ind1="1" ind2=" " tag="490">
      <subfield code="a">Tiroler regionalpolitische Studien</subfield>
      <subfield code="v">Nr. 45</subfield>
    </datafield>
    <datafield ind1="1" ind2=" " tag="700">
      <subfield code="0">(DE-588)139989641</subfield>
      <subfield code="0">(DE-101)139989641</subfield>
      <subfield code="a">Hopfgartner, Marlene</subfield>
      <subfield code="4">cre</subfield>
    </datafield>
    <datafield ind1="2" ind2=" " tag="710">
      <subfield code="0">(DE-588)16062862-3</subfield>
      <subfield code="0">(DE-101)1001714016</subfield>
      <subfield code="a">Wirtschaftskammer Tirol</subfield>
      <subfield code="b">Volkswirtschaftliche Abteilung</subfield>
    </datafield>
    <datafield ind1=" " ind2="0" tag="830">
      <subfield code="a">Tiroler regionalpolitische Studien</subfield>
      <subfield code="v">Nr. 45</subfield>
      <subfield code="w">(DE-101)02443227X</subfield>
      <subfield code="w">(DE-600)2105008-9</subfield>
      <subfield code="9">245</subfield>
    </datafield>
    <datafield ind1="r" ind2=" " tag="925">
      <subfield code="a">rb</subfield>
    </datafield>
  </record>