
  <record>
    <leader>01279nam a2200349uc 4500</leader>
    <controlfield tag="001">1002899419</controlfield>
    <controlfield tag="003">DE-101</controlfield>
    <controlfield tag="005">20100526223232.0</controlfield>
    <controlfield tag="007">cr||||||||||||</controlfield>
    <controlfield tag="008">100526s2009    gw |||||o|||| 00||||ger  </controlfield>
    <datafield ind1=" " ind2=" " tag="015">
      <subfield code="a">10,O06</subfield>
      <subfield code="2">dnb</subfield>
    </datafield>
    <datafield ind1="7" ind2=" " tag="016">
      <subfield code="2">DE-101</subfield>
      <subfield code="a">1002899419</subfield>
    </datafield>
    <datafield ind1=" " ind2=" " tag="020">
      <subfield code="a">9783639195408</subfield>
      <subfield code="9">978-3-639-19540-8</subfield>
    </datafield>
    <datafield ind1="7" ind2=" " tag="024">
      <subfield code="2">urn</subfield>
      <subfield code="a">urn:nbn:de:101:1-2010052619322</subfield>
    </datafield>
    <datafield ind1=" " ind2=" " tag="035">
      <subfield code="a">(DE-599)DNB1002899419</subfield>
    </datafield>
    <datafield ind1=" " ind2=" " tag="035">
      <subfield code="a">(OCoLC)724559156</subfield>
    </datafield>
    <datafield ind1=" " ind2=" " tag="040">
      <subfield code="a">1240</subfield>
      <subfield code="b">ger</subfield>
      <subfield code="c">DE-101</subfield>
      <subfield code="d">9999</subfield>
    </datafield>
    <datafield ind1=" " ind2=" " tag="041">
      <subfield code="a">ger</subfield>
    </datafield>
    <datafield ind1=" " ind2=" " tag="044">
      <subfield code="c">XA-DE-SL</subfield>
    </datafield>
    <datafield ind1="7" ind2="4" tag="082">
      <subfield code="a">300</subfield>
      <subfield code="q">DE-101</subfield>
      <subfield code="2">22sdnb</subfield>
    </datafield>
    <datafield ind1=" " ind2=" " tag="084">
      <subfield code="a">300</subfield>
      <subfield code="q">DE-101</subfield>
      <subfield code="2">sdnb</subfield>
    </datafield>
    <datafield ind1="1" ind2=" " tag="100">
      <subfield code="a">YILDIZ, SITKI</subfield>
      <subfield code="4">aut</subfield>
    </datafield>
    <datafield ind1="1" ind2="0" tag="245">
      <subfield code="a">Transformation of Conservative and Religious Tradesmen in Turkey</subfield>
      <subfield code="h">[Elektronische Ressource]</subfield>
      <subfield code="b">Sustaining of Religious Values in Free Market Economy</subfield>
      <subfield code="c">SITKI YILDIZ</subfield>
    </datafield>
    <datafield ind1="3" ind2=" " tag="260">
      <subfield code="a">Saarbrücken</subfield>
      <subfield code="b">VDM Verlag Dr. Müller</subfield>
      <subfield code="c">2009</subfield>
    </datafield>
    <datafield ind1=" " ind2=" " tag="300">
      <subfield code="a">Online-Ressource</subfield>
    </datafield>
    <datafield ind1=" " ind2=" " tag="500">
      <subfield code="a">Lizenzpflichtig. - Vom Verlag als Druckwerk on demand angeboten</subfield>
    </datafield>
    <datafield ind1="1" ind2=" " tag="583">
      <subfield code="a">Langzeitarchivierung gewährleistet</subfield>
      <subfield code="i">LZA</subfield>
    </datafield>
    <datafield ind1="4" ind2="0" tag="856">
      <subfield code="u">http://nbn-resolving.de/urn:nbn:de:101:1-2010052619322</subfield>
      <subfield code="x">Resolving-System</subfield>
    </datafield>
    <datafield ind1=" " ind2="0" tag="856">
      <subfield code="u">http://d-nb.info/1002899419/34</subfield>
      <subfield code="x">Langzeitarchivierung Nationalbibliothek</subfield>
    </datafield>
    <datafield ind1="4" ind2=" " tag="856">
      <subfield code="u">http://www.vdm-verlag.de</subfield>
      <subfield code="x">Verlag</subfield>
    </datafield>
    <datafield ind1="r" ind2=" " tag="925">
      <subfield code="a">ro</subfield>
      <subfield code="a">ra</subfield>
    </datafield>
    <datafield ind1="p" ind2=" " tag="925">
      <subfield code="a">pd</subfield>
    </datafield>
  </record>