
  <record>
    <leader>02178pam a2200505 c 4500</leader>
    <controlfield tag="001">1002912717</controlfield>
    <controlfield tag="003">DE-101</controlfield>
    <controlfield tag="005">20100831023108.0</controlfield>
    <controlfield tag="007">tu</controlfield>
    <controlfield tag="008">100526s2010    gw |||||r|||| 00||||ger  </controlfield>
    <datafield ind1=" " ind2=" " tag="015">
      <subfield code="a">10,A36</subfield>
      <subfield code="z">10,N22</subfield>
      <subfield code="2">dnb</subfield>
    </datafield>
    <datafield ind1="7" ind2=" " tag="016">
      <subfield code="2">DE-101</subfield>
      <subfield code="a">1002912717</subfield>
    </datafield>
    <datafield ind1=" " ind2=" " tag="020">
      <subfield code="a">9783938566138</subfield>
      <subfield code="c">Gewebe : EUR 20.00 (DE), EUR 20.00 (AT), sfr 30.00 (freier Pr.)</subfield>
      <subfield code="9">978-3-938566-13-8</subfield>
    </datafield>
    <datafield ind1="3" ind2=" " tag="024">
      <subfield code="a">9783938566138</subfield>
    </datafield>
    <datafield ind1=" " ind2=" " tag="035">
      <subfield code="a">(DE-599)DNB1002912717</subfield>
    </datafield>
    <datafield ind1=" " ind2=" " tag="035">
      <subfield code="a">(OCoLC)663476777</subfield>
    </datafield>
    <datafield ind1=" " ind2=" " tag="040">
      <subfield code="a">1245</subfield>
      <subfield code="b">ger</subfield>
      <subfield code="c">DE-101</subfield>
      <subfield code="d">9999</subfield>
      <subfield code="e">rakwb</subfield>
    </datafield>
    <datafield ind1=" " ind2=" " tag="041">
      <subfield code="a">ger</subfield>
      <subfield code="a">eng</subfield>
    </datafield>
    <datafield ind1=" " ind2=" " tag="044">
      <subfield code="c">XA-DE-BW</subfield>
    </datafield>
    <datafield ind1="0" ind2="4" tag="082">
      <subfield code="8">1\x</subfield>
      <subfield code="a">170</subfield>
      <subfield code="q">DE-101</subfield>
      <subfield code="2">22/ger</subfield>
    </datafield>
    <datafield ind1="0" ind2=" " tag="083">
      <subfield code="8">2\x</subfield>
      <subfield code="a">369.52</subfield>
      <subfield code="q">DE-101</subfield>
      <subfield code="2">22/ger</subfield>
    </datafield>
    <datafield ind1="7" ind2=" " tag="083">
      <subfield code="a">100</subfield>
      <subfield code="a">360</subfield>
      <subfield code="a">330</subfield>
      <subfield code="q">DE-101</subfield>
      <subfield code="2">22sdnb</subfield>
    </datafield>
    <datafield ind1=" " ind2=" " tag="084">
      <subfield code="a">100</subfield>
      <subfield code="a">360</subfield>
      <subfield code="a">330</subfield>
      <subfield code="q">DE-101</subfield>
      <subfield code="2">sdnb</subfield>
    </datafield>
    <datafield ind1=" " ind2=" " tag="085">
      <subfield code="8">1\x</subfield>
      <subfield code="b">170</subfield>
    </datafield>
    <datafield ind1=" " ind2=" " tag="085">
      <subfield code="8">2\x</subfield>
      <subfield code="b">369.52</subfield>
    </datafield>
    <datafield ind1=" " ind2=" " tag="090">
      <subfield code="a">b</subfield>
    </datafield>
    <datafield ind1="1" ind2="0" tag="245">
      <subfield code="a">Rotary als globale Wertegemeinschaft</subfield>
      <subfield code="b">Ethik in Wirtschaft und Gesellschaft = Rotary as a global, values-based community</subfield>
      <subfield code="c">hrsg. vom Rotary-Club Singen (Hohentwiel). Reden von Josef Wieland. Fotogr. von Harald F. Müller. [Übers.: Michael Dobbins ; Christopher Langer]</subfield>
    </datafield>
    <datafield ind1="3" ind2=" " tag="260">
      <subfield code="a">Hilzingen</subfield>
      <subfield code="b">Greuter</subfield>
      <subfield code="c">2010</subfield>
    </datafield>
    <datafield ind1=" " ind2=" " tag="300">
      <subfield code="a">91 S.</subfield>
      <subfield code="b">Ill.</subfield>
      <subfield code="c">24 cm, 400 gr.</subfield>
    </datafield>
    <datafield ind1=" " ind2=" " tag="500">
      <subfield code="a">Text dt. und engl.</subfield>
    </datafield>
    <datafield ind1=" " ind2="7" tag="650">
      <subfield code="0">(DE-588)4557997-0</subfield>
      <subfield code="0">(DE-101)957319304</subfield>
      <subfield code="a">Globalisierung</subfield>
      <subfield code="2">gnd</subfield>
    </datafield>
    <datafield ind1=" " ind2="7" tag="650">
      <subfield code="0">(DE-588)4241440-4</subfield>
      <subfield code="0">(DE-101)042414407</subfield>
      <subfield code="a">Weltethos</subfield>
      <subfield code="2">gnd</subfield>
    </datafield>
    <datafield ind1=" " ind2="7" tag="650">
      <subfield code="0">(DE-588)4374880-6</subfield>
      <subfield code="0">(DE-101)944324347</subfield>
      <subfield code="a">Rotary Club</subfield>
      <subfield code="2">gnd</subfield>
    </datafield>
    <datafield ind1=" " ind2="7" tag="655">
      <subfield code="a">Aufsatzsammlung</subfield>
      <subfield code="2">gnd</subfield>
    </datafield>
    <datafield ind1="0" ind2="0" tag="689">
      <subfield code="0">(DE-588)4557997-0</subfield>
      <subfield code="0">(DE-101)957319304</subfield>
      <subfield code="D">s</subfield>
      <subfield code="a">Globalisierung</subfield>
    </datafield>
    <datafield ind1="0" ind2="1" tag="689">
      <subfield code="0">(DE-588)4241440-4</subfield>
      <subfield code="0">(DE-101)042414407</subfield>
      <subfield code="D">s</subfield>
      <subfield code="a">Weltethos</subfield>
    </datafield>
    <datafield ind1="0" ind2="2" tag="689">
      <subfield code="0">(DE-588)4374880-6</subfield>
      <subfield code="0">(DE-101)944324347</subfield>
      <subfield code="D">s</subfield>
      <subfield code="a">Rotary Club</subfield>
    </datafield>
    <datafield ind1="0" ind2="3" tag="689">
      <subfield code="A">f</subfield>
      <subfield code="a">Aufsatzsammlung</subfield>
    </datafield>
    <datafield ind1="0" ind2=" " tag="689">
      <subfield code="5">DE-101</subfield>
      <subfield code="5">DE-101</subfield>
    </datafield>
    <datafield ind1="1" ind2=" " tag="700">
      <subfield code="0">(DE-588)123643422</subfield>
      <subfield code="0">(DE-101)123643422</subfield>
      <subfield code="a">Wieland, Josef</subfield>
      <subfield code="d">1951-</subfield>
      <subfield code="4">cre</subfield>
    </datafield>
    <datafield ind1="1" ind2=" " tag="700">
      <subfield code="0">(DE-588)119244195</subfield>
      <subfield code="0">(DE-101)119244195</subfield>
      <subfield code="a">Müller, Harald F.</subfield>
      <subfield code="d">1950-</subfield>
      <subfield code="4">ill</subfield>
      <subfield code="e">Ill.</subfield>
    </datafield>
    <datafield ind1="1" ind2=" " tag="700">
      <subfield code="0">(DE-588)136524583</subfield>
      <subfield code="0">(DE-101)136524583</subfield>
      <subfield code="a">Dobbins, Michael</subfield>
      <subfield code="d">1975-</subfield>
      <subfield code="4">trl</subfield>
      <subfield code="e">Übers.</subfield>
    </datafield>
    <datafield ind1="2" ind2=" " tag="710">
      <subfield code="0">(DE-588)2121817-1</subfield>
      <subfield code="0">(DE-101)007690002</subfield>
      <subfield code="a">Rotary-Club</subfield>
      <subfield code="g">Singen</subfield>
    </datafield>
    <datafield ind1="4" ind2="2" tag="856">
      <subfield code="m">B:DE-101</subfield>
      <subfield code="q">application/pdf</subfield>
      <subfield code="u">http://d-nb.info/1002912717/04</subfield>
      <subfield code="3">Inhaltsverzeichnis</subfield>
    </datafield>
    <datafield ind1="r" ind2=" " tag="925">
      <subfield code="a">ra</subfield>
    </datafield>
  </record>