
  <record>
    <leader>01388nim a2200361 cb4500</leader>
    <controlfield tag="001">1004273819</controlfield>
    <controlfield tag="003">DE-101</controlfield>
    <controlfield tag="005">20100715223042.0</controlfield>
    <controlfield tag="007">s|||||||||||||</controlfield>
    <controlfield tag="007">co||||||||||||</controlfield>
    <controlfield tag="008">100709s2010    gw |||||q|||||||||||ger  </controlfield>
    <datafield ind1=" " ind2=" " tag="015">
      <subfield code="a">10,A29</subfield>
      <subfield code="2">dnb</subfield>
    </datafield>
    <datafield ind1="7" ind2=" " tag="016">
      <subfield code="2">DE-101</subfield>
      <subfield code="a">1004273819</subfield>
    </datafield>
    <datafield ind1=" " ind2=" " tag="020">
      <subfield code="a">3896142240</subfield>
      <subfield code="9">3-89614-224-0</subfield>
    </datafield>
    <datafield ind1=" " ind2=" " tag="035">
      <subfield code="a">(DE-599)DNB1004273819</subfield>
    </datafield>
    <datafield ind1=" " ind2=" " tag="035">
      <subfield code="a">(OCoLC)724438181</subfield>
    </datafield>
    <datafield ind1=" " ind2=" " tag="040">
      <subfield code="a">1239</subfield>
      <subfield code="b">ger</subfield>
      <subfield code="c">DE-101</subfield>
      <subfield code="d">9999</subfield>
      <subfield code="e">rakwb</subfield>
    </datafield>
    <datafield ind1=" " ind2=" " tag="041">
      <subfield code="a">ger</subfield>
      <subfield code="h">fre</subfield>
    </datafield>
    <datafield ind1=" " ind2=" " tag="044">
      <subfield code="c">XA-DE</subfield>
    </datafield>
    <datafield ind1="7" ind2="4" tag="082">
      <subfield code="a">K</subfield>
      <subfield code="q">DE-101</subfield>
      <subfield code="2">22sdnb</subfield>
    </datafield>
    <datafield ind1=" " ind2=" " tag="084">
      <subfield code="a">K</subfield>
      <subfield code="q">DE-101</subfield>
      <subfield code="2">sdnb</subfield>
    </datafield>
    <datafield ind1="1" ind2="0" tag="245">
      <subfield code="a">Die drei Musketiere</subfield>
      <subfield code="h">[Tonträger]</subfield>
      <subfield code="c">Alexandre Dumas. Nacherzählt von Susa Hämmerle. Sprecher: Christoph Lindert. Regie: Hans Eckardt</subfield>
    </datafield>
    <datafield ind1="3" ind2=" " tag="260">
      <subfield code="a">Frankfurt, M.</subfield>
      <subfield code="b">Frankfurter Allg. Sonntagszeitung</subfield>
      <subfield code="c">2010, [2010?]</subfield>
    </datafield>
    <datafield ind1=" " ind2=" " tag="300">
      <subfield code="a">3 CDs</subfield>
      <subfield code="c">12 cm</subfield>
    </datafield>
    <datafield ind1="1" ind2=" " tag="490">
      <subfield code="a">Jugendklassiker als Hörbuch ; [Box 2]</subfield>
    </datafield>
    <datafield ind1="0" ind2=" " tag="490">
      <subfield code="a">Hören &amp; genießen!</subfield>
    </datafield>
    <datafield ind1="1" ind2=" " tag="700">
      <subfield code="0">(DE-588)118528068</subfield>
      <subfield code="0">(DE-101)118528068</subfield>
      <subfield code="a">Dumas, Alexandre</subfield>
      <subfield code="d">1802-1870</subfield>
      <subfield code="4">cre</subfield>
    </datafield>
    <datafield ind1="1" ind2=" " tag="700">
      <subfield code="0">(DE-588)122899008</subfield>
      <subfield code="0">(DE-101)122899008</subfield>
      <subfield code="a">Hämmerle, Susa</subfield>
      <subfield code="d">1958-</subfield>
      <subfield code="4">cre</subfield>
    </datafield>
    <datafield ind1="1" ind2=" " tag="700">
      <subfield code="0">(DE-588)124903355</subfield>
      <subfield code="0">(DE-101)124903355</subfield>
      <subfield code="a">Lindert, Christoph</subfield>
      <subfield code="d">1938-2005</subfield>
      <subfield code="4">cre</subfield>
    </datafield>
    <datafield ind1="1" ind2=" " tag="700">
      <subfield code="0">(DE-588)12282329X</subfield>
      <subfield code="0">(DE-101)12282329X</subfield>
      <subfield code="a">Eckardt, Hans</subfield>
      <subfield code="d">1939-</subfield>
      <subfield code="4">cre</subfield>
    </datafield>
    <datafield ind1="0" ind2=" " tag="730">
      <subfield code="a">Les trois mousquetaires</subfield>
      <subfield code="g">dt.</subfield>
    </datafield>
    <datafield ind1=" " ind2="0" tag="830">
      <subfield code="a">Jugendklassiker als Hörbuch</subfield>
      <subfield code="v">Box 2</subfield>
      <subfield code="w">(DE-101)979372186</subfield>
      <subfield code="9">bo12 dre</subfield>
    </datafield>
    <datafield ind1="r" ind2=" " tag="925">
      <subfield code="a">ra</subfield>
    </datafield>
  </record>