
  <record>
    <leader>01853pam a2200457 c 4500</leader>
    <controlfield tag="001">1004797125</controlfield>
    <controlfield tag="003">DE-101</controlfield>
    <controlfield tag="005">20100921223049.0</controlfield>
    <controlfield tag="007">tu</controlfield>
    <controlfield tag="008">100720s2010    gw |||||rm||| 00||||ger  </controlfield>
    <datafield ind1=" " ind2=" " tag="015">
      <subfield code="a">10,A39</subfield>
      <subfield code="a">10,H10</subfield>
      <subfield code="z">10,N30</subfield>
      <subfield code="2">dnb</subfield>
    </datafield>
    <datafield ind1="7" ind2=" " tag="016">
      <subfield code="2">DE-101</subfield>
      <subfield code="a">1004797125</subfield>
    </datafield>
    <datafield ind1=" " ind2=" " tag="020">
      <subfield code="a">9783825357870</subfield>
      <subfield code="c">Pp. : EUR 59.00</subfield>
      <subfield code="9">978-3-8253-5787-0</subfield>
    </datafield>
    <datafield ind1="3" ind2=" " tag="024">
      <subfield code="a">9783825357870</subfield>
    </datafield>
    <datafield ind1=" " ind2=" " tag="035">
      <subfield code="a">(DE-599)DNB1004797125</subfield>
    </datafield>
    <datafield ind1=" " ind2=" " tag="035">
      <subfield code="a">(OCoLC)666964433</subfield>
    </datafield>
    <datafield ind1=" " ind2=" " tag="040">
      <subfield code="a">1245</subfield>
      <subfield code="b">ger</subfield>
      <subfield code="c">DE-101</subfield>
      <subfield code="d">9999</subfield>
      <subfield code="e">rakwb</subfield>
    </datafield>
    <datafield ind1=" " ind2=" " tag="041">
      <subfield code="a">ger</subfield>
    </datafield>
    <datafield ind1=" " ind2=" " tag="044">
      <subfield code="c">XA-DE-BW</subfield>
    </datafield>
    <datafield ind1="0" ind2="4" tag="082">
      <subfield code="8">1\x</subfield>
      <subfield code="a">829.3</subfield>
      <subfield code="q">DE-101</subfield>
      <subfield code="2">22/ger</subfield>
    </datafield>
    <datafield ind1="7" ind2=" " tag="083">
      <subfield code="a">820</subfield>
      <subfield code="q">DE-101</subfield>
      <subfield code="2">22sdnb</subfield>
    </datafield>
    <datafield ind1=" " ind2=" " tag="084">
      <subfield code="a">820</subfield>
      <subfield code="q">DE-101</subfield>
      <subfield code="2">sdnb</subfield>
    </datafield>
    <datafield ind1=" " ind2=" " tag="085">
      <subfield code="8">1\x</subfield>
      <subfield code="b">829.3</subfield>
    </datafield>
    <datafield ind1=" " ind2=" " tag="090">
      <subfield code="a">b</subfield>
    </datafield>
    <datafield ind1="1" ind2=" " tag="100">
      <subfield code="0">(DE-588)132139189</subfield>
      <subfield code="0">(DE-101)132139189</subfield>
      <subfield code="a">Eitelmann, Matthias</subfield>
      <subfield code="4">aut</subfield>
    </datafield>
    <datafield ind1="1" ind2="0" tag="245">
      <subfield code="a">Beowulfes Beorh</subfield>
      <subfield code="b">das altenglische Beowulf-Epos als kultureller Gedächtnisspeicher</subfield>
      <subfield code="c">Matthias Eitelmann</subfield>
    </datafield>
    <datafield ind1="3" ind2=" " tag="260">
      <subfield code="a">Heidelberg</subfield>
      <subfield code="b">Winter</subfield>
      <subfield code="c">2010</subfield>
    </datafield>
    <datafield ind1=" " ind2=" " tag="300">
      <subfield code="a">XII, 295 S.</subfield>
      <subfield code="c">25 cm</subfield>
    </datafield>
    <datafield ind1="1" ind2=" " tag="490">
      <subfield code="a">Anglistische Forschungen</subfield>
      <subfield code="v">Bd. 410</subfield>
    </datafield>
    <datafield ind1=" " ind2=" " tag="502">
      <subfield code="a">Zugl.: Mannheim, Univ., Diss., 2009</subfield>
    </datafield>
    <datafield ind1="0" ind2="7" tag="630">
      <subfield code="0">(DE-588)4128795-2</subfield>
      <subfield code="0">(DE-101)041287959</subfield>
      <subfield code="a">Beowulf</subfield>
      <subfield code="2">gnd</subfield>
    </datafield>
    <datafield ind1=" " ind2="7" tag="650">
      <subfield code="0">(DE-588)4200793-8</subfield>
      <subfield code="0">(DE-101)042007933</subfield>
      <subfield code="a">Kollektives Gedächtnis</subfield>
      <subfield code="2">gnd</subfield>
    </datafield>
    <datafield ind1=" " ind2="7" tag="650">
      <subfield code="0">(DE-588)4114051-5</subfield>
      <subfield code="0">(DE-101)041140516</subfield>
      <subfield code="a">Intertextualität</subfield>
      <subfield code="2">gnd</subfield>
    </datafield>
    <datafield ind1="0" ind2="0" tag="689">
      <subfield code="0">(DE-588)4128795-2</subfield>
      <subfield code="0">(DE-101)041287959</subfield>
      <subfield code="D">u</subfield>
      <subfield code="a">Beowulf</subfield>
    </datafield>
    <datafield ind1="0" ind2="1" tag="689">
      <subfield code="0">(DE-588)4200793-8</subfield>
      <subfield code="0">(DE-101)042007933</subfield>
      <subfield code="D">s</subfield>
      <subfield code="a">Kollektives Gedächtnis</subfield>
    </datafield>
    <datafield ind1="0" ind2="2" tag="689">
      <subfield code="0">(DE-588)4114051-5</subfield>
      <subfield code="0">(DE-101)041140516</subfield>
      <subfield code="D">s</subfield>
      <subfield code="a">Intertextualität</subfield>
    </datafield>
    <datafield ind1="0" ind2=" " tag="689">
      <subfield code="5">DE-101</subfield>
      <subfield code="5">DE-101</subfield>
    </datafield>
    <datafield ind1=" " ind2="0" tag="830">
      <subfield code="a">Anglistische Forschungen</subfield>
      <subfield code="v">Bd. 410</subfield>
      <subfield code="w">(DE-101)012637637</subfield>
      <subfield code="w">(DE-600)503866-2</subfield>
      <subfield code="9">3410</subfield>
    </datafield>
    <datafield ind1="4" ind2="2" tag="856">
      <subfield code="m">B:DE-101</subfield>
      <subfield code="q">application/pdf</subfield>
      <subfield code="u">http://d-nb.info/1004797125/04</subfield>
      <subfield code="3">Inhaltsverzeichnis</subfield>
    </datafield>
    <datafield ind1="4" ind2="2" tag="856">
      <subfield code="m">X:MVB</subfield>
      <subfield code="q">text/html</subfield>
      <subfield code="u">http://deposit.d-nb.de/cgi-bin/dokserv?id=3515353&amp;prov=M&amp;dok_var=1&amp;dok_ext=htm</subfield>
      <subfield code="3">Inhaltstext</subfield>
    </datafield>
    <datafield ind1="r" ind2=" " tag="925">
      <subfield code="a">ra</subfield>
    </datafield>
  </record>