
  <record>
    <leader>01479pam a2200385 c 4500</leader>
    <controlfield tag="001">1007148721</controlfield>
    <controlfield tag="003">DE-101</controlfield>
    <controlfield tag="005">20110420223024.0</controlfield>
    <controlfield tag="007">tu</controlfield>
    <controlfield tag="008">100922s2011    gw |||||r|||| 00||||ger  </controlfield>
    <datafield ind1=" " ind2=" " tag="015">
      <subfield code="a">11,A17</subfield>
      <subfield code="z">10,N39</subfield>
      <subfield code="2">dnb</subfield>
    </datafield>
    <datafield ind1="7" ind2=" " tag="016">
      <subfield code="2">DE-101</subfield>
      <subfield code="a">1007148721</subfield>
    </datafield>
    <datafield ind1=" " ind2=" " tag="020">
      <subfield code="a">9783473583812</subfield>
      <subfield code="c">kart. : EUR 9.95 (DE), EUR 10.30 (AT), sfr 19.20 (freier Pr.)</subfield>
      <subfield code="9">978-3-473-58381-2</subfield>
    </datafield>
    <datafield ind1="3" ind2=" " tag="024">
      <subfield code="a">9783473583812</subfield>
    </datafield>
    <datafield ind1=" " ind2=" " tag="035">
      <subfield code="a">(DE-599)DNB1007148721</subfield>
    </datafield>
    <datafield ind1=" " ind2=" " tag="035">
      <subfield code="a">(OCoLC)712597674</subfield>
    </datafield>
    <datafield ind1=" " ind2=" " tag="040">
      <subfield code="a">1245</subfield>
      <subfield code="b">ger</subfield>
      <subfield code="c">DE-101</subfield>
      <subfield code="d">9999</subfield>
      <subfield code="e">rakwb</subfield>
    </datafield>
    <datafield ind1=" " ind2=" " tag="041">
      <subfield code="a">ger</subfield>
    </datafield>
    <datafield ind1=" " ind2=" " tag="044">
      <subfield code="c">XA-DE-BW</subfield>
    </datafield>
    <datafield ind1="7" ind2="4" tag="082">
      <subfield code="a">741.5</subfield>
      <subfield code="q">DE-101</subfield>
      <subfield code="2">22sdnb</subfield>
    </datafield>
    <datafield ind1=" " ind2=" " tag="084">
      <subfield code="a">741.5</subfield>
      <subfield code="q">DE-101</subfield>
      <subfield code="2">sdnb</subfield>
    </datafield>
    <datafield ind1=" " ind2=" " tag="090">
      <subfield code="a">b</subfield>
    </datafield>
    <datafield ind1="1" ind2=" " tag="100">
      <subfield code="0">(DE-588)124198473</subfield>
      <subfield code="0">(DE-101)124198473</subfield>
      <subfield code="a">Kampmann, Stefani</subfield>
      <subfield code="d">1971-</subfield>
      <subfield code="4">aut</subfield>
    </datafield>
    <datafield ind1="1" ind2="0" tag="245">
      <subfield code="a">Die Welle</subfield>
      <subfield code="b">eine graphic novel ; nach dem Roman von Morton Rhue</subfield>
      <subfield code="c">von Stefani Kampmann</subfield>
    </datafield>
    <datafield ind1="3" ind2=" " tag="260">
      <subfield code="a">[Ravensburg]</subfield>
      <subfield code="b">Ravensburger Buchverl.</subfield>
      <subfield code="c">2011</subfield>
    </datafield>
    <datafield ind1=" " ind2=" " tag="300">
      <subfield code="a">171 S.</subfield>
      <subfield code="b">überw. Ill.</subfield>
      <subfield code="c">21 cm</subfield>
    </datafield>
    <datafield ind1="1" ind2=" " tag="490">
      <subfield code="a">Ravensburger Taschenbuch</subfield>
      <subfield code="v">58381</subfield>
    </datafield>
    <datafield ind1="1" ind2="7" tag="600">
      <subfield code="0">(DE-588)4219277-8</subfield>
      <subfield code="0">(DE-101)042192773</subfield>
      <subfield code="a">Rhue, Morton</subfield>
      <subfield code="d">1950-</subfield>
      <subfield code="t">The wave</subfield>
      <subfield code="2">gnd</subfield>
    </datafield>
    <datafield ind1=" " ind2="7" tag="655">
      <subfield code="a">Comic</subfield>
      <subfield code="2">gnd</subfield>
    </datafield>
    <datafield ind1="0" ind2="0" tag="689">
      <subfield code="0">(DE-588)4219277-8</subfield>
      <subfield code="0">(DE-101)042192773</subfield>
      <subfield code="D">p</subfield>
      <subfield code="a">Rhue, Morton</subfield>
      <subfield code="d">1950-</subfield>
      <subfield code="t">The wave</subfield>
    </datafield>
    <datafield ind1="0" ind2="1" tag="689">
      <subfield code="A">f</subfield>
      <subfield code="a">Comic</subfield>
    </datafield>
    <datafield ind1="0" ind2=" " tag="689">
      <subfield code="5">DE-101</subfield>
      <subfield code="5">DE-101</subfield>
    </datafield>
    <datafield ind1=" " ind2="0" tag="830">
      <subfield code="a">Ravensburger Taschenbuch</subfield>
      <subfield code="v">58381</subfield>
      <subfield code="w">(DE-101)010755519</subfield>
      <subfield code="w">(DE-600)131478-6</subfield>
      <subfield code="9">558381</subfield>
    </datafield>
    <datafield ind1="4" ind2="2" tag="856">
      <subfield code="m">X:MVB</subfield>
      <subfield code="q">text/html</subfield>
      <subfield code="u">http://deposit.d-nb.de/cgi-bin/dokserv?id=3540679&amp;prov=M&amp;dok_var=1&amp;dok_ext=htm</subfield>
      <subfield code="3">Inhaltstext</subfield>
    </datafield>
    <datafield ind1="r" ind2=" " tag="925">
      <subfield code="a">ra</subfield>
    </datafield>
  </record>