
  <record>
    <leader>01271njm a2200289 c 4500</leader>
    <controlfield tag="001">100755083X</controlfield>
    <controlfield tag="003">DE-101</controlfield>
    <controlfield tag="005">20101124145525.0</controlfield>
    <controlfield tag="007">s|||||||||||||</controlfield>
    <controlfield tag="008">101012s1976    gw ||||| |||||||||||ger  </controlfield>
    <datafield ind1=" " ind2=" " tag="015">
      <subfield code="a">08,L01</subfield>
      <subfield code="2">dnb</subfield>
    </datafield>
    <datafield ind1="7" ind2=" " tag="016">
      <subfield code="2">DE-101</subfield>
      <subfield code="a">100755083X</subfield>
    </datafield>
    <datafield ind1="3" ind2="2" tag="028">
      <subfield code="a">Peg AB 229440</subfield>
    </datafield>
    <datafield ind1=" " ind2=" " tag="035">
      <subfield code="a">(DE-599)DNB100755083X</subfield>
    </datafield>
    <datafield ind1=" " ind2=" " tag="035">
      <subfield code="a">(OCoLC)724948940</subfield>
    </datafield>
    <datafield ind1=" " ind2=" " tag="040">
      <subfield code="a">1140</subfield>
      <subfield code="b">ger</subfield>
      <subfield code="c">DE-101</subfield>
      <subfield code="d">1140</subfield>
    </datafield>
    <datafield ind1=" " ind2=" " tag="041">
      <subfield code="a">ger</subfield>
    </datafield>
    <datafield ind1=" " ind2=" " tag="044">
      <subfield code="c">XA-DE</subfield>
    </datafield>
    <datafield ind1="1" ind2=" " tag="100">
      <subfield code="0">(DE-588)11852805X</subfield>
      <subfield code="0">(DE-101)11852805X</subfield>
      <subfield code="a">Dumas, Alexandre</subfield>
      <subfield code="d">1824-1895</subfield>
      <subfield code="4">aut</subfield>
    </datafield>
    <datafield ind1="1" ind2="0" tag="245">
      <subfield code="a">Die drei Musketiere</subfield>
      <subfield code="b">e. spannendes Hörspiel</subfield>
      <subfield code="c">von Jörg Ritter nach d. weltberühmten Roman- u. Filmerfolg von Alexandre Dumas. Regie: Lothar Zibell. Rainer Schmitt, Jens Kersten, D. J. Steffens ..., [Spr.]</subfield>
    </datafield>
    <datafield ind1="3" ind2=" " tag="260">
      <subfield code="a">[Mannheim]</subfield>
      <subfield code="b">BASF</subfield>
      <subfield code="c">1976</subfield>
    </datafield>
    <datafield ind1=" " ind2=" " tag="300">
      <subfield code="a">1 Schallpl.</subfield>
      <subfield code="b">33 UpM, stereo</subfield>
      <subfield code="c">30 cm</subfield>
    </datafield>
    <datafield ind1="1" ind2=" " tag="700">
      <subfield code="0">(DE-588)135097169</subfield>
      <subfield code="0">(DE-101)135097169</subfield>
      <subfield code="a">Ritter, Jörg</subfield>
      <subfield code="d">1966-</subfield>
      <subfield code="4">edt</subfield>
      <subfield code="e">Bearb.</subfield>
    </datafield>
    <datafield ind1="1" ind2=" " tag="700">
      <subfield code="0">(DE-588)124451551</subfield>
      <subfield code="0">(DE-101)124451551</subfield>
      <subfield code="a">Zibell, Lothar</subfield>
      <subfield code="4">oth</subfield>
      <subfield code="e">Regie</subfield>
    </datafield>
    <datafield ind1="1" ind2=" " tag="700">
      <subfield code="0">(DE-588)131584723</subfield>
      <subfield code="0">(DE-101)131584723</subfield>
      <subfield code="a">Schmitt, Rainer</subfield>
      <subfield code="d">1935-</subfield>
      <subfield code="4">prf</subfield>
      <subfield code="4"/>
      <subfield code="e">Spr.</subfield>
    </datafield>
    <datafield ind1="1" ind2=" " tag="700">
      <subfield code="0">(DE-588)110921259</subfield>
      <subfield code="0">(DE-101)110921259</subfield>
      <subfield code="a">Kersten, Jens</subfield>
      <subfield code="4">prf</subfield>
      <subfield code="4"/>
      <subfield code="e">Spr.</subfield>
    </datafield>
    <datafield ind1="1" ind2=" " tag="700">
      <subfield code="0">(DE-588)135094496</subfield>
      <subfield code="0">(DE-101)135094496</subfield>
      <subfield code="a">Steffens, Franz-Josef</subfield>
      <subfield code="d">1923-2006</subfield>
      <subfield code="4">prf</subfield>
      <subfield code="4"/>
      <subfield code="e">Spr.</subfield>
    </datafield>
  </record>