
  <record>
    <leader>01143njm a2200241 ca4500</leader>
    <controlfield tag="001">1007551127</controlfield>
    <controlfield tag="003">DE-101</controlfield>
    <controlfield tag="005">20130213003613.0</controlfield>
    <controlfield tag="007">s|||||||||||||</controlfield>
    <controlfield tag="008">101012s        gw ||||| ||||||||||||||  </controlfield>
    <datafield ind1="7" ind2=" " tag="016">
      <subfield code="2">DE-101</subfield>
      <subfield code="a">1007551127</subfield>
    </datafield>
    <datafield ind1=" " ind2=" " tag="035">
      <subfield code="a">(DE-599)DNB1007551127</subfield>
    </datafield>
    <datafield ind1=" " ind2=" " tag="035">
      <subfield code="a">(OCoLC)724949236</subfield>
    </datafield>
    <datafield ind1=" " ind2=" " tag="040">
      <subfield code="a">1140</subfield>
      <subfield code="b">ger</subfield>
      <subfield code="c">DE-101</subfield>
      <subfield code="d">9999</subfield>
    </datafield>
    <datafield ind1=" " ind2=" " tag="044">
      <subfield code="c">XA-DE</subfield>
    </datafield>
    <datafield ind1="1" ind2=" " tag="100">
      <subfield code="0">(DE-588)11852805X</subfield>
      <subfield code="0">(DE-101)11852805X</subfield>
      <subfield code="a">Dumas, Alexandre</subfield>
      <subfield code="d">1824-1895</subfield>
      <subfield code="4">aut</subfield>
    </datafield>
    <datafield ind1="1" ind2="0" tag="245">
      <subfield code="a">Die drei Musketiere</subfield>
      <subfield code="b">e. spannendes Hörspiel</subfield>
      <subfield code="c">von Joachim von Ulamnn nach d. Roman von Alexandre Dumas. Regie: Toyo Tanaka. Lutz Mackensy, Lothar Grützner, Edith Teichmann ..., Spr.</subfield>
    </datafield>
    <datafield ind1="3" ind2=" " tag="260">
      <subfield code="a">Hamburg</subfield>
      <subfield code="b">Gruner + Jahr</subfield>
      <subfield code="a">Hamburg</subfield>
      <subfield code="b">Ariola-Eurodisc</subfield>
    </datafield>
    <datafield ind1="1" ind2=" " tag="700">
      <subfield code="0">(DE-588)1031231862</subfield>
      <subfield code="0">(DE-101)1031231862</subfield>
      <subfield code="a">Ulmann, Joachim von</subfield>
      <subfield code="d">1940-1992</subfield>
      <subfield code="4">cre</subfield>
    </datafield>
    <datafield ind1="1" ind2=" " tag="700">
      <subfield code="0">(DE-588)119544849</subfield>
      <subfield code="0">(DE-101)119544849</subfield>
      <subfield code="a">Tanaka, Toyo</subfield>
      <subfield code="d">1953-</subfield>
      <subfield code="4">oth</subfield>
      <subfield code="e">Regie</subfield>
    </datafield>
    <datafield ind1="1" ind2=" " tag="700">
      <subfield code="0">(DE-588)134619765</subfield>
      <subfield code="0">(DE-101)134619765</subfield>
      <subfield code="a">Mackensy, Lutz</subfield>
      <subfield code="4">prf</subfield>
      <subfield code="4"/>
      <subfield code="e">Spr.</subfield>
    </datafield>
    <datafield ind1="1" ind2=" " tag="700">
      <subfield code="0">(DE-588)134634217</subfield>
      <subfield code="0">(DE-101)134634217</subfield>
      <subfield code="a">Grützner, Lothar</subfield>
      <subfield code="4">prf</subfield>
      <subfield code="4"/>
      <subfield code="e">Spr.</subfield>
    </datafield>
    <datafield ind1="1" ind2=" " tag="700">
      <subfield code="0">(DE-588)108984443</subfield>
      <subfield code="0">(DE-101)108984443</subfield>
      <subfield code="a">Teichmann, Edith</subfield>
      <subfield code="d">1927-</subfield>
      <subfield code="4">prf</subfield>
      <subfield code="4"/>
      <subfield code="e">Spr.</subfield>
    </datafield>
  </record>