
  <record>
    <leader>01125ncm a2200265 cc4500</leader>
    <controlfield tag="001">1007884878</controlfield>
    <controlfield tag="003">DE-101</controlfield>
    <controlfield tag="005">20101027193321.0</controlfield>
    <controlfield tag="007">q|</controlfield>
    <controlfield tag="008">101026s1992    gw |||||r|||||||||||ger  </controlfield>
    <datafield ind1=" " ind2=" " tag="015">
      <subfield code="a">08,L01</subfield>
      <subfield code="2">dnb</subfield>
    </datafield>
    <datafield ind1="7" ind2=" " tag="016">
      <subfield code="2">DE-101</subfield>
      <subfield code="a">1007884878</subfield>
    </datafield>
    <datafield ind1="3" ind2="2" tag="028">
      <subfield code="a">Best.-Nr. 1368  : DM 14.50</subfield>
    </datafield>
    <datafield ind1=" " ind2=" " tag="035">
      <subfield code="a">(DE-599)DNB1007884878</subfield>
    </datafield>
    <datafield ind1=" " ind2=" " tag="035">
      <subfield code="a">(OCoLC)724371811</subfield>
    </datafield>
    <datafield ind1=" " ind2=" " tag="040">
      <subfield code="a">1140</subfield>
      <subfield code="b">ger</subfield>
      <subfield code="c">DE-101</subfield>
      <subfield code="d">1140</subfield>
    </datafield>
    <datafield ind1=" " ind2=" " tag="041">
      <subfield code="a">ger</subfield>
    </datafield>
    <datafield ind1=" " ind2=" " tag="044">
      <subfield code="c">XA-DE</subfield>
    </datafield>
    <datafield ind1="7" ind2="4" tag="082">
      <subfield code="q">DE-101</subfield>
      <subfield code="2">22sdnb</subfield>
    </datafield>
    <datafield ind1="1" ind2="0" tag="245">
      <subfield code="a">Melodie &amp; [und] Rhythmus</subfield>
      <subfield code="n">58.</subfield>
      <subfield code="p">Comedian Harmonists - Ihre grossen Erfolge / Bearb.: John OʹBrien-Docker</subfield>
    </datafield>
    <datafield ind1="3" ind2=" " tag="260">
      <subfield code="a">Hamburg</subfield>
      <subfield code="b">Sikorski</subfield>
      <subfield code="c">1992</subfield>
    </datafield>
    <datafield ind1=" " ind2=" " tag="300">
      <subfield code="a">28 S.</subfield>
      <subfield code="c">30 cm</subfield>
    </datafield>
    <datafield ind1="8" ind2=" " tag="505">
      <subfield code="a">Enth.: Das ist die Liebe der Matrosen. Drei Musketiere. Ein Lied geht um die Welt. Hein spielt abends so schön auf dem Schifferklavier. Ich habʹ für dich ʹnen Blumentopf bestellt. Kleiner Mann, was nun. Liebling, mein Herz lässt dich grüssen. Mein kleiner, grüner Kaktus. Musik!. Musik!. Musik!. Wochenendʹ und Sonnenschein</subfield>
    </datafield>
    <datafield ind1="1" ind2=" " tag="700">
      <subfield code="0">(DE-588)134475720</subfield>
      <subfield code="0">(DE-101)134475720</subfield>
      <subfield code="a">O'Brien-Docker, John</subfield>
      <subfield code="d">1938-</subfield>
      <subfield code="4">cre</subfield>
    </datafield>
    <datafield ind1="0" ind2="8" tag="773">
      <subfield code="q">058</subfield>
      <subfield code="w">(DE-101)1007884827</subfield>
    </datafield>
  </record>