
  <record>
    <leader>01402nam a2200385uc 4500</leader>
    <controlfield tag="001">1009654624</controlfield>
    <controlfield tag="003">DE-101</controlfield>
    <controlfield tag="005">20111124194116.0</controlfield>
    <controlfield tag="007">cr||||||||||||</controlfield>
    <controlfield tag="008">110121s2011    gw |||||o|||| 00||||ger  </controlfield>
    <datafield ind1=" " ind2=" " tag="015">
      <subfield code="a">11,O02</subfield>
      <subfield code="2">dnb</subfield>
    </datafield>
    <datafield ind1="7" ind2=" " tag="016">
      <subfield code="2">DE-101</subfield>
      <subfield code="a">1009654624</subfield>
    </datafield>
    <datafield ind1=" " ind2=" " tag="020">
      <subfield code="a">9783842352667</subfield>
      <subfield code="9">978-3-8423-5266-7</subfield>
    </datafield>
    <datafield ind1="3" ind2=" " tag="024">
      <subfield code="a">9783842352667</subfield>
    </datafield>
    <datafield ind1="7" ind2=" " tag="024">
      <subfield code="2">urn</subfield>
      <subfield code="a">urn:nbn:de:101:1-20110121286</subfield>
    </datafield>
    <datafield ind1=" " ind2=" " tag="035">
      <subfield code="a">(DE-599)DNB1009654624</subfield>
    </datafield>
    <datafield ind1=" " ind2=" " tag="035">
      <subfield code="a">(OCoLC)724291303</subfield>
    </datafield>
    <datafield ind1=" " ind2=" " tag="040">
      <subfield code="a">1240</subfield>
      <subfield code="b">ger</subfield>
      <subfield code="c">DE-101</subfield>
      <subfield code="d">9999</subfield>
    </datafield>
    <datafield ind1=" " ind2=" " tag="041">
      <subfield code="a">ger</subfield>
    </datafield>
    <datafield ind1=" " ind2=" " tag="044">
      <subfield code="c">XA-DE-SH</subfield>
    </datafield>
    <datafield ind1="7" ind2="4" tag="082">
      <subfield code="a">900</subfield>
      <subfield code="q">DE-101</subfield>
      <subfield code="2">22sdnb</subfield>
    </datafield>
    <datafield ind1="7" ind2=" " tag="083">
      <subfield code="a">900</subfield>
      <subfield code="q">DE-101</subfield>
      <subfield code="2">22sdnb</subfield>
    </datafield>
    <datafield ind1=" " ind2=" " tag="084">
      <subfield code="a">900</subfield>
      <subfield code="q">DE-101</subfield>
      <subfield code="2">sdnb</subfield>
    </datafield>
    <datafield ind1="1" ind2=" " tag="100">
      <subfield code="a">Pieper, Marco</subfield>
      <subfield code="4">aut</subfield>
    </datafield>
    <datafield ind1="1" ind2="0" tag="245">
      <subfield code="a">Und draussen vor der Tür war Krieg!</subfield>
      <subfield code="h">[Elektronische Ressource]</subfield>
      <subfield code="b">Erlebnisse, Impressionen und Reflexionen</subfield>
      <subfield code="c">Marco Pieper</subfield>
    </datafield>
    <datafield ind1="3" ind2=" " tag="260">
      <subfield code="a">Norderstedt</subfield>
      <subfield code="b">Books on Demand</subfield>
      <subfield code="c">2011</subfield>
    </datafield>
    <datafield ind1=" " ind2=" " tag="300">
      <subfield code="a">Online-Ressource</subfield>
    </datafield>
    <datafield ind1=" " ind2=" " tag="500">
      <subfield code="a">Lizenzpflichtig. - Vom Verlag als Druckwerk on demand angeboten</subfield>
    </datafield>
    <datafield ind1="1" ind2=" " tag="583">
      <subfield code="a">Langzeitarchivierung gewährleistet</subfield>
      <subfield code="i">LZA</subfield>
    </datafield>
    <datafield ind1="0" ind2="8" tag="775">
      <subfield code="i">Druckausg.</subfield>
      <subfield code="t">Und draussen vor der Tür war Krieg!</subfield>
      <subfield code="w">(DE-101)1009665642</subfield>
    </datafield>
    <datafield ind1="4" ind2="0" tag="856">
      <subfield code="u">http://nbn-resolving.de/urn:nbn:de:101:1-20110121286</subfield>
      <subfield code="x">Resolving-System</subfield>
    </datafield>
    <datafield ind1=" " ind2="0" tag="856">
      <subfield code="u">http://d-nb.info/1009654624/34</subfield>
      <subfield code="x">Langzeitarchivierung Nationalbibliothek</subfield>
    </datafield>
    <datafield ind1="4" ind2=" " tag="856">
      <subfield code="u">http://www.bod.de/index.php?id=296&amp;objk_id=458714</subfield>
      <subfield code="x">Verlag</subfield>
    </datafield>
    <datafield ind1="r" ind2=" " tag="925">
      <subfield code="a">ro</subfield>
      <subfield code="a">ra</subfield>
    </datafield>
    <datafield ind1="p" ind2=" " tag="925">
      <subfield code="a">pd</subfield>
    </datafield>
  </record>