
  <record>
    <leader>01453pim a2200337 c 4500</leader>
    <controlfield tag="001">1011270153</controlfield>
    <controlfield tag="003">DE-101</controlfield>
    <controlfield tag="005">20130213003856.0</controlfield>
    <controlfield tag="007">s|||||||||||||</controlfield>
    <controlfield tag="007">co||||||||||||</controlfield>
    <controlfield tag="008">110427s2011    gw |||||q|||||||||||ger  </controlfield>
    <datafield ind1=" " ind2=" " tag="015">
      <subfield code="a">11,A44</subfield>
      <subfield code="z">11,N18</subfield>
      <subfield code="2">dnb</subfield>
    </datafield>
    <datafield ind1="7" ind2=" " tag="016">
      <subfield code="2">DE-101</subfield>
      <subfield code="a">1011270153</subfield>
    </datafield>
    <datafield ind1=" " ind2=" " tag="020">
      <subfield code="a">9783867177467</subfield>
      <subfield code="c">: EUR 14.99 (DE) (freier Pr.), sfr 25.50 (freier Pr.)</subfield>
      <subfield code="9">978-3-86717-746-7</subfield>
    </datafield>
    <datafield ind1="3" ind2=" " tag="024">
      <subfield code="a">9783867177467</subfield>
    </datafield>
    <datafield ind1=" " ind2=" " tag="035">
      <subfield code="a">(DE-599)DNB1011270153</subfield>
    </datafield>
    <datafield ind1=" " ind2=" " tag="035">
      <subfield code="a">(OCoLC)725160672</subfield>
    </datafield>
    <datafield ind1=" " ind2=" " tag="040">
      <subfield code="a">1245</subfield>
      <subfield code="b">ger</subfield>
      <subfield code="c">DE-101</subfield>
      <subfield code="d">9999</subfield>
      <subfield code="e">rakwb</subfield>
    </datafield>
    <datafield ind1=" " ind2=" " tag="041">
      <subfield code="a">ger</subfield>
    </datafield>
    <datafield ind1=" " ind2=" " tag="044">
      <subfield code="c">XA-DE-BY</subfield>
    </datafield>
    <datafield ind1="7" ind2="4" tag="082">
      <subfield code="a">840</subfield>
      <subfield code="a">B</subfield>
      <subfield code="q">DE-101</subfield>
      <subfield code="2">22sdnb</subfield>
    </datafield>
    <datafield ind1=" " ind2=" " tag="084">
      <subfield code="a">840</subfield>
      <subfield code="a">B</subfield>
      <subfield code="q">DE-101</subfield>
      <subfield code="2">sdnb</subfield>
    </datafield>
    <datafield ind1="1" ind2="0" tag="245">
      <subfield code="a">Die drei Musketiere</subfield>
      <subfield code="h">[Tonträger]</subfield>
      <subfield code="b">das Hörspiel ; Filmhörspiel</subfield>
      <subfield code="c">Drehbuchbearb. Hörbuch: Karin Kaçi. Regie Hörbuch: Günter Merlau. D'Artagnan: Patrick Roche ; Milady: Meret Becker ; Athos: Martin Umbach ...</subfield>
    </datafield>
    <datafield ind1="3" ind2=" " tag="260">
      <subfield code="a">München</subfield>
      <subfield code="b">Der Hörverl.</subfield>
      <subfield code="a">[Hamburg]</subfield>
      <subfield code="b">Edel: Kultur [Vertrieb]</subfield>
      <subfield code="c">2011</subfield>
    </datafield>
    <datafield ind1=" " ind2=" " tag="300">
      <subfield code="a">2 CDs (ca. 125 Min.)</subfield>
      <subfield code="b">stereo</subfield>
      <subfield code="c">12 cm</subfield>
    </datafield>
    <datafield ind1="1" ind2=" " tag="700">
      <subfield code="0">(DE-588)135921597</subfield>
      <subfield code="0">(DE-101)135921597</subfield>
      <subfield code="a">Kaçi, Karin</subfield>
      <subfield code="d">1976-</subfield>
      <subfield code="4">cre</subfield>
    </datafield>
    <datafield ind1="1" ind2=" " tag="700">
      <subfield code="0">(DE-588)132735512</subfield>
      <subfield code="0">(DE-101)132735512</subfield>
      <subfield code="a">Merlau, Günter</subfield>
      <subfield code="d">1967-</subfield>
      <subfield code="4">cre</subfield>
    </datafield>
    <datafield ind1="1" ind2=" " tag="700">
      <subfield code="0">(DE-588)1030594430</subfield>
      <subfield code="0">(DE-101)1030594430</subfield>
      <subfield code="a">Roche, Patrick</subfield>
      <subfield code="d">1989-</subfield>
      <subfield code="4">cre</subfield>
    </datafield>
    <datafield ind1="1" ind2=" " tag="700">
      <subfield code="0">(DE-588)122869893</subfield>
      <subfield code="0">(DE-101)122869893</subfield>
      <subfield code="a">Becker, Meret</subfield>
      <subfield code="d">1969-</subfield>
      <subfield code="4">cre</subfield>
    </datafield>
    <datafield ind1="1" ind2=" " tag="700">
      <subfield code="0">(DE-588)133154556</subfield>
      <subfield code="0">(DE-101)133154556</subfield>
      <subfield code="a">Umbach, Martin</subfield>
      <subfield code="d">1956-</subfield>
      <subfield code="4">cre</subfield>
    </datafield>
    <datafield ind1="r" ind2=" " tag="925">
      <subfield code="a">ra</subfield>
    </datafield>
  </record>