
  <record>
    <leader>00912ncm a2200277 c 4500</leader>
    <controlfield tag="001">1013051319</controlfield>
    <controlfield tag="003">DE-101</controlfield>
    <controlfield tag="005">20110802223144.0</controlfield>
    <controlfield tag="007">q|</controlfield>
    <controlfield tag="008">110624s1999    gw ||z||r|||||||||||ger  </controlfield>
    <datafield ind1=" " ind2=" " tag="015">
      <subfield code="a">11,M09</subfield>
      <subfield code="2">dnb</subfield>
    </datafield>
    <datafield ind1="7" ind2=" " tag="016">
      <subfield code="2">DE-101</subfield>
      <subfield code="a">1013051319</subfield>
    </datafield>
    <datafield ind1=" " ind2=" " tag="035">
      <subfield code="a">(DE-599)DNB1013051319</subfield>
    </datafield>
    <datafield ind1=" " ind2=" " tag="040">
      <subfield code="a">1330</subfield>
      <subfield code="b">ger</subfield>
      <subfield code="c">DE-101</subfield>
      <subfield code="d">9999</subfield>
    </datafield>
    <datafield ind1=" " ind2=" " tag="041">
      <subfield code="a">ger</subfield>
    </datafield>
    <datafield ind1=" " ind2=" " tag="044">
      <subfield code="c">XA-DE</subfield>
    </datafield>
    <datafield ind1="7" ind2="4" tag="082">
      <subfield code="a">785.13</subfield>
      <subfield code="q">DE-101</subfield>
      <subfield code="2">22sdnb</subfield>
    </datafield>
    <datafield ind1=" " ind2=" " tag="084">
      <subfield code="a">785.13</subfield>
      <subfield code="q">DE-101</subfield>
      <subfield code="2">sdnb</subfield>
    </datafield>
    <datafield ind1="1" ind2=" " tag="100">
      <subfield code="0">(DE-588)1013972244</subfield>
      <subfield code="0">(DE-101)1013972244</subfield>
      <subfield code="a">Ohl, Philippe</subfield>
      <subfield code="d">1974-</subfield>
      <subfield code="4">aut</subfield>
    </datafield>
    <datafield ind1="1" ind2="0" tag="240">
      <subfield code="0">(DE-588)301015325</subfield>
      <subfield code="0">(DE-101)301015325</subfield>
      <subfield code="a">Marsch der Musketiere</subfield>
    </datafield>
    <datafield ind1="1" ind2="0" tag="245">
      <subfield code="a">Marsch der Musketiere</subfield>
      <subfield code="h">[Musikdruck]</subfield>
      <subfield code="b">Trio für drei Schlagzeuger</subfield>
      <subfield code="c">Philippe Ohl</subfield>
    </datafield>
    <datafield ind1=" " ind2=" " tag="250">
      <subfield code="a">Partitur, [Stimmen]</subfield>
    </datafield>
    <datafield ind1="3" ind2=" " tag="260">
      <subfield code="a">Esslingen</subfield>
      <subfield code="b">PhiloTon-Verlag</subfield>
      <subfield code="c">1999</subfield>
    </datafield>
    <datafield ind1=" " ind2=" " tag="300">
      <subfield code="a">7 S.</subfield>
      <subfield code="c">30 cm</subfield>
      <subfield code="e">3 St.</subfield>
    </datafield>
    <datafield ind1="1" ind2=" " tag="490">
      <subfield code="a">Die Schlagzeugreihe</subfield>
      <subfield code="v">Nr. 3</subfield>
    </datafield>
    <datafield ind1=" " ind2="0" tag="830">
      <subfield code="a">Die Schlagzeugreihe</subfield>
      <subfield code="v">Nr. 3</subfield>
      <subfield code="w">(DE-101)340067462</subfield>
      <subfield code="9">003</subfield>
    </datafield>
  </record>