
  <record>
    <leader>01288nam a2200313 c 4500</leader>
    <controlfield tag="001">1013188233</controlfield>
    <controlfield tag="003">DE-101</controlfield>
    <controlfield tag="005">20110714223153.0</controlfield>
    <controlfield tag="007">tu</controlfield>
    <controlfield tag="008">110630s2011    gw |||||r|||| 00||||ger  </controlfield>
    <datafield ind1=" " ind2=" " tag="015">
      <subfield code="a">11,B29</subfield>
      <subfield code="2">dnb</subfield>
    </datafield>
    <datafield ind1="7" ind2=" " tag="016">
      <subfield code="2">DE-101</subfield>
      <subfield code="a">1013188233</subfield>
    </datafield>
    <datafield ind1=" " ind2=" " tag="020">
      <subfield code="c">geh.</subfield>
    </datafield>
    <datafield ind1=" " ind2=" " tag="035">
      <subfield code="a">(DE-599)DNB1013188233</subfield>
    </datafield>
    <datafield ind1=" " ind2=" " tag="035">
      <subfield code="a">(OCoLC)749955009</subfield>
    </datafield>
    <datafield ind1=" " ind2=" " tag="040">
      <subfield code="a">1239</subfield>
      <subfield code="b">ger</subfield>
      <subfield code="c">DE-101</subfield>
      <subfield code="d">9999</subfield>
      <subfield code="e">rakwb</subfield>
    </datafield>
    <datafield ind1=" " ind2=" " tag="041">
      <subfield code="a">ger</subfield>
    </datafield>
    <datafield ind1=" " ind2=" " tag="044">
      <subfield code="c">XA-DE</subfield>
    </datafield>
    <datafield ind1="7" ind2="4" tag="082">
      <subfield code="a">330</subfield>
      <subfield code="q">DE-101</subfield>
      <subfield code="2">22sdnb</subfield>
    </datafield>
    <datafield ind1=" " ind2=" " tag="084">
      <subfield code="a">330</subfield>
      <subfield code="q">DE-101</subfield>
      <subfield code="2">sdnb</subfield>
    </datafield>
    <datafield ind1=" " ind2=" " tag="090">
      <subfield code="a">b</subfield>
    </datafield>
    <datafield ind1="1" ind2=" " tag="100">
      <subfield code="0">(DE-588)122860152</subfield>
      <subfield code="0">(DE-101)122860152</subfield>
      <subfield code="a">Kesten, Ralf</subfield>
      <subfield code="d">1967-</subfield>
      <subfield code="4">aut</subfield>
    </datafield>
    <datafield ind1="1" ind2="0" tag="245">
      <subfield code="a">Performancemessung für Bestandsimmobilien mit zeitlichen Grenzgewinnen und Net Present Values</subfield>
      <subfield code="b">Überlegungen zum Aufbau und Einsatz wertorientierter Controllingkennzahlen für ein effektives Immobilienmanagement auf der Grundlage eines Fallbeispiels</subfield>
      <subfield code="c">Ralf Kesten. Nordakademie, Hochschule der Wirtschaft</subfield>
    </datafield>
    <datafield ind1="3" ind2=" " tag="260">
      <subfield code="a">Elmshorn</subfield>
      <subfield code="b">Nordakad.</subfield>
      <subfield code="c">2011</subfield>
    </datafield>
    <datafield ind1=" " ind2=" " tag="300">
      <subfield code="a">20 Bl.</subfield>
      <subfield code="c">30 cm</subfield>
    </datafield>
    <datafield ind1="1" ind2=" " tag="490">
      <subfield code="a">Arbeitspapiere der Nordakademie</subfield>
      <subfield code="v">Nr. 2011,04</subfield>
    </datafield>
    <datafield ind1=" " ind2=" " tag="500">
      <subfield code="a">Zusätzliches Online-Angebot unter http://www.nordakademie.de/arbeitspapier.html</subfield>
    </datafield>
    <datafield ind1="2" ind2=" " tag="810">
      <subfield code="a">Nordakademie</subfield>
      <subfield code="g">Elmshorn</subfield>
      <subfield code="4">aut</subfield>
      <subfield code="t">Arbeitspapiere der Nordakademie</subfield>
      <subfield code="v">Nr. 2011,04</subfield>
      <subfield code="w">(DE-101)982203950</subfield>
      <subfield code="w">(DE-600)2261642-1</subfield>
      <subfield code="9">42011 14</subfield>
    </datafield>
    <datafield ind1="r" ind2=" " tag="925">
      <subfield code="a">rb</subfield>
    </datafield>
  </record>