
  <record>
    <leader>02132nam a2200409 c 4500</leader>
    <controlfield tag="001">1013628691</controlfield>
    <controlfield tag="003">DE-101</controlfield>
    <controlfield tag="005">20120328122917.0</controlfield>
    <controlfield tag="007">tu</controlfield>
    <controlfield tag="008">110718s2004    it |||||r|||| 10||||ger  </controlfield>
    <datafield ind1="7" ind2=" " tag="016">
      <subfield code="2">DE-101</subfield>
      <subfield code="a">1013628691</subfield>
    </datafield>
    <datafield ind1=" " ind2=" " tag="020">
      <subfield code="c">kart.</subfield>
    </datafield>
    <datafield ind1=" " ind2=" " tag="035">
      <subfield code="a">(DE-599)DNB1013628691</subfield>
    </datafield>
    <datafield ind1=" " ind2=" " tag="040">
      <subfield code="a">1131</subfield>
      <subfield code="b">ger</subfield>
      <subfield code="c">DE-101</subfield>
      <subfield code="d">1150</subfield>
      <subfield code="e">rakwb</subfield>
    </datafield>
    <datafield ind1=" " ind2=" " tag="041">
      <subfield code="a">ger</subfield>
      <subfield code="a">ita</subfield>
    </datafield>
    <datafield ind1=" " ind2=" " tag="044">
      <subfield code="c">XA-IT</subfield>
    </datafield>
    <datafield ind1="7" ind2="4" tag="082">
      <subfield code="a">370</subfield>
      <subfield code="q">DE-101</subfield>
      <subfield code="2">22sdnb</subfield>
    </datafield>
    <datafield ind1=" " ind2=" " tag="084">
      <subfield code="a">370</subfield>
      <subfield code="q">DE-101</subfield>
      <subfield code="2">sdnb</subfield>
    </datafield>
    <datafield ind1=" " ind2=" " tag="090">
      <subfield code="a">b</subfield>
    </datafield>
    <datafield ind1="1" ind2="0" tag="245">
      <subfield code="a">"L' educazione nel nuovo millennio in prospettiva europea: la complessità, i valori, la conoscenza scientifica"</subfield>
      <subfield code="b">filosofia, pedagogia, metodologia, sociologia ; atti del XXVI Convegno Internazionale di Studi Italo-Tedeschi, Merano, 11 - 13 ottobre 2002 = "Die Erziehung im dritten Jahrtausend im Blick auf Europa: Komplexität, Werte, Wissenschaft" : Philosophie, Pädagogik, Methodologie, Soziologie ; Akten der XXVI. Internationalen Tagung Deutsch-Italienischer Studien, Meran, 11. - 13. Oktober 2002</subfield>
      <subfield code="c">Accademia di Studi Italo-Tedeschi, Merano. Con la collab. del Centro Studi Interculturali dell'Università di Verona. [Sotto la direzione di Roberto Cotteri]</subfield>
    </datafield>
    <datafield ind1="3" ind2=" " tag="260">
      <subfield code="a">Merano</subfield>
      <subfield code="b">Accad. di Studi Italo-Tedeschi</subfield>
      <subfield code="c">2004</subfield>
    </datafield>
    <datafield ind1=" " ind2=" " tag="300">
      <subfield code="a">422 S.</subfield>
      <subfield code="c">24 cm</subfield>
    </datafield>
    <datafield ind1=" " ind2=" " tag="500">
      <subfield code="a">Beitr. teilw. dt., teilw. ital.</subfield>
    </datafield>
    <datafield ind1=" " ind2="7" tag="650">
      <subfield code="0">(DE-588)4015482-8</subfield>
      <subfield code="0">(DE-101)040154823</subfield>
      <subfield code="a">Erziehung</subfield>
      <subfield code="2">gnd</subfield>
    </datafield>
    <datafield ind1=" " ind2="7" tag="650">
      <subfield code="0">(DE-588)4068097-6</subfield>
      <subfield code="0">(DE-101)040680975</subfield>
      <subfield code="a">Zukunft</subfield>
      <subfield code="2">gnd</subfield>
    </datafield>
    <datafield ind1=" " ind2="7" tag="651">
      <subfield code="0">(DE-588)4015701-5</subfield>
      <subfield code="0">(DE-101)040157016</subfield>
      <subfield code="a">Europa</subfield>
      <subfield code="2">gnd</subfield>
    </datafield>
    <datafield ind1=" " ind2="7" tag="655">
      <subfield code="a">Kongress</subfield>
      <subfield code="z">Meran &lt;2002&gt;</subfield>
      <subfield code="2">gnd</subfield>
    </datafield>
    <datafield ind1="0" ind2="0" tag="689">
      <subfield code="0">(DE-588)4015701-5</subfield>
      <subfield code="0">(DE-101)040157016</subfield>
      <subfield code="D">g</subfield>
      <subfield code="a">Europa</subfield>
    </datafield>
    <datafield ind1="0" ind2="1" tag="689">
      <subfield code="0">(DE-588)4015482-8</subfield>
      <subfield code="0">(DE-101)040154823</subfield>
      <subfield code="D">s</subfield>
      <subfield code="a">Erziehung</subfield>
    </datafield>
    <datafield ind1="0" ind2="2" tag="689">
      <subfield code="0">(DE-588)4068097-6</subfield>
      <subfield code="0">(DE-101)040680975</subfield>
      <subfield code="D">s</subfield>
      <subfield code="a">Zukunft</subfield>
    </datafield>
    <datafield ind1="0" ind2="3" tag="689">
      <subfield code="A">f</subfield>
      <subfield code="a">Kongress</subfield>
    </datafield>
    <datafield ind1="0" ind2="4" tag="689">
      <subfield code="A">g</subfield>
      <subfield code="a">Meran &lt;2002&gt;</subfield>
    </datafield>
    <datafield ind1="0" ind2=" " tag="689">
      <subfield code="5">DE-101</subfield>
      <subfield code="5">DE-101</subfield>
    </datafield>
    <datafield ind1="1" ind2=" " tag="700">
      <subfield code="0">(DE-588)129858463</subfield>
      <subfield code="0">(DE-101)129858463</subfield>
      <subfield code="a">Cotteri, Roberto</subfield>
      <subfield code="4">edt</subfield>
      <subfield code="e">Hrsg.</subfield>
    </datafield>
    <datafield ind1="2" ind2=" " tag="710">
      <subfield code="0">(DE-588)5013292-1</subfield>
      <subfield code="0">(DE-101)05013292X</subfield>
      <subfield code="a">Akademie Deutsch-Italienischer Studien</subfield>
      <subfield code="g">Meran</subfield>
    </datafield>
    <datafield ind1="2" ind2=" " tag="711">
      <subfield code="0">(DE-588)16079727-5</subfield>
      <subfield code="0">(DE-101)1006235027</subfield>
      <subfield code="a">Internationale Tagung Deutsch-Italienischer Studien</subfield>
      <subfield code="n">26</subfield>
      <subfield code="d">2002</subfield>
      <subfield code="c">Meran</subfield>
    </datafield>
    <datafield ind1="r" ind2=" " tag="925">
      <subfield code="a">rb</subfield>
    </datafield>
  </record>