
  <record>
    <leader>01046nam a22002898c 4500</leader>
    <controlfield tag="001">1015433278</controlfield>
    <controlfield tag="003">DE-101</controlfield>
    <controlfield tag="005">20111013142010.0</controlfield>
    <controlfield tag="007">tu</controlfield>
    <controlfield tag="008">110922s2011    gw |||||r|||| 00||||eng  </controlfield>
    <datafield ind1=" " ind2=" " tag="015">
      <subfield code="a">11,N39</subfield>
      <subfield code="2">dnb</subfield>
    </datafield>
    <datafield ind1="7" ind2=" " tag="016">
      <subfield code="2">DE-101</subfield>
      <subfield code="a">1015433278</subfield>
    </datafield>
    <datafield ind1=" " ind2=" " tag="020">
      <subfield code="a">9783111788074</subfield>
      <subfield code="c">: EUR 139.95 (DE) (freier Pr.), EUR 141.20 (AT) (freier Pr.)</subfield>
      <subfield code="9">978-3-11-178807-4</subfield>
    </datafield>
    <datafield ind1=" " ind2=" " tag="020">
      <subfield code="a">3111788075</subfield>
      <subfield code="9">3-11-178807-5</subfield>
    </datafield>
    <datafield ind1="3" ind2=" " tag="024">
      <subfield code="a">9783111788074</subfield>
    </datafield>
    <datafield ind1=" " ind2=" " tag="035">
      <subfield code="a">(DE-599)DNB1015433278</subfield>
    </datafield>
    <datafield ind1=" " ind2=" " tag="040">
      <subfield code="a">1145</subfield>
      <subfield code="b">ger</subfield>
      <subfield code="c">DE-101</subfield>
      <subfield code="d">1130</subfield>
    </datafield>
    <datafield ind1=" " ind2=" " tag="041">
      <subfield code="a">eng</subfield>
    </datafield>
    <datafield ind1=" " ind2=" " tag="044">
      <subfield code="c">XA-DE-BE</subfield>
    </datafield>
    <datafield ind1="7" ind2="4" tag="082">
      <subfield code="a">400</subfield>
      <subfield code="q">DE-101</subfield>
      <subfield code="2">22sdnb</subfield>
    </datafield>
    <datafield ind1=" " ind2=" " tag="084">
      <subfield code="a">400</subfield>
      <subfield code="q">DE-101</subfield>
      <subfield code="2">sdnb</subfield>
    </datafield>
    <datafield ind1="1" ind2=" " tag="100">
      <subfield code="a">Haarmann, Harald</subfield>
      <subfield code="4">aut</subfield>
    </datafield>
    <datafield ind1="1" ind2="0" tag="245">
      <subfield code="a">Symbolic Values of Foreign Language Use</subfield>
      <subfield code="b">From the Japanese Case to a General Sociolinguistic Perspective</subfield>
      <subfield code="c">Harald Haarmann</subfield>
    </datafield>
    <datafield ind1="3" ind2=" " tag="260">
      <subfield code="a">Berlin</subfield>
      <subfield code="b">de Gruyter Mouton</subfield>
      <subfield code="c">2011, [2011?]</subfield>
    </datafield>
    <datafield ind1=" " ind2=" " tag="300">
      <subfield code="a">XI, 290 S.</subfield>
      <subfield code="b">Includes a print version and an ebook</subfield>
    </datafield>
    <datafield ind1="1" ind2=" " tag="490">
      <subfield code="a">Contributions to the Sociology of Language [CSL]</subfield>
      <subfield code="v">51</subfield>
    </datafield>
    <datafield ind1=" " ind2="0" tag="830">
      <subfield code="a">Contributions to the Sociology of Language [CSL]</subfield>
      <subfield code="v">51</subfield>
      <subfield code="9">251</subfield>
    </datafield>
  </record>