
  <record>
    <leader>01895nam a2200493 c 4500</leader>
    <controlfield tag="001">101568002X</controlfield>
    <controlfield tag="003">DE-101</controlfield>
    <controlfield tag="005">20111125223054.0</controlfield>
    <controlfield tag="007">tu</controlfield>
    <controlfield tag="008">110929s2011    xxk|||||r|||| 00||||eng  </controlfield>
    <datafield ind1=" " ind2=" " tag="015">
      <subfield code="a">11,A48</subfield>
      <subfield code="2">dnb</subfield>
    </datafield>
    <datafield ind1="7" ind2=" " tag="016">
      <subfield code="2">DE-101</subfield>
      <subfield code="a">101568002X</subfield>
    </datafield>
    <datafield ind1=" " ind2=" " tag="020">
      <subfield code="a">9783034301046</subfield>
      <subfield code="c">kart. : EUR 57.00, sfr 83.00</subfield>
      <subfield code="9">978-3-0343-0104-6</subfield>
    </datafield>
    <datafield ind1=" " ind2=" " tag="035">
      <subfield code="a">(DE-599)DNB101568002X</subfield>
    </datafield>
    <datafield ind1=" " ind2=" " tag="035">
      <subfield code="a">(OCoLC)752073113</subfield>
    </datafield>
    <datafield ind1=" " ind2=" " tag="040">
      <subfield code="a">1138</subfield>
      <subfield code="b">ger</subfield>
      <subfield code="c">DE-101</subfield>
      <subfield code="d">9999</subfield>
      <subfield code="e">rakwb</subfield>
    </datafield>
    <datafield ind1=" " ind2=" " tag="041">
      <subfield code="a">eng</subfield>
    </datafield>
    <datafield ind1=" " ind2=" " tag="044">
      <subfield code="c">XA-GB</subfield>
      <subfield code="c">XA-DE</subfield>
      <subfield code="c">XA-CH</subfield>
      <subfield code="c">XA-AT</subfield>
    </datafield>
    <datafield ind1="0" ind2="4" tag="082">
      <subfield code="8">1\x</subfield>
      <subfield code="a">820.9001</subfield>
      <subfield code="q">DE-101</subfield>
      <subfield code="2">22/ger</subfield>
    </datafield>
    <datafield ind1="0" ind2=" " tag="083">
      <subfield code="8">2\x</subfield>
      <subfield code="a">809.02</subfield>
      <subfield code="q">DE-101</subfield>
      <subfield code="2">22/ger</subfield>
    </datafield>
    <datafield ind1="7" ind2=" " tag="083">
      <subfield code="a">820</subfield>
      <subfield code="a">800</subfield>
      <subfield code="a">420</subfield>
      <subfield code="q">DE-101</subfield>
      <subfield code="2">22sdnb</subfield>
    </datafield>
    <datafield ind1=" " ind2=" " tag="084">
      <subfield code="a">820</subfield>
      <subfield code="a">800</subfield>
      <subfield code="a">420</subfield>
      <subfield code="q">DE-101</subfield>
      <subfield code="2">sdnb</subfield>
    </datafield>
    <datafield ind1=" " ind2=" " tag="085">
      <subfield code="8">1\x</subfield>
      <subfield code="b">820</subfield>
    </datafield>
    <datafield ind1=" " ind2=" " tag="085">
      <subfield code="8">2\x</subfield>
      <subfield code="b">809</subfield>
    </datafield>
    <datafield ind1=" " ind2=" " tag="085">
      <subfield code="8">2\x</subfield>
      <subfield code="z">1</subfield>
      <subfield code="s">0902</subfield>
    </datafield>
    <datafield ind1=" " ind2=" " tag="090">
      <subfield code="a">b</subfield>
    </datafield>
    <datafield ind1="1" ind2="0" tag="245">
      <subfield code="a">From Beowulf to Caxton</subfield>
      <subfield code="b">studies in medieval languages and literature, texts and manuscripts</subfield>
      <subfield code="c">Tomonori Matsushita ... (ed.)</subfield>
    </datafield>
    <datafield ind1="3" ind2=" " tag="260">
      <subfield code="a">Oxford</subfield>
      <subfield code="a">Bern</subfield>
      <subfield code="a">Berlin</subfield>
      <subfield code="a">Bruxelles</subfield>
      <subfield code="a">Frankfurt, M.</subfield>
      <subfield code="a">New York, NY</subfield>
      <subfield code="a">Wien</subfield>
      <subfield code="b">Lang</subfield>
      <subfield code="c">2011</subfield>
    </datafield>
    <datafield ind1=" " ind2=" " tag="300">
      <subfield code="a">XVIII, 355 S.</subfield>
      <subfield code="b">graph. Darst.</subfield>
      <subfield code="c">23 cm</subfield>
    </datafield>
    <datafield ind1="1" ind2=" " tag="490">
      <subfield code="a">Studies in historical linguistics</subfield>
      <subfield code="v">Vol. 7</subfield>
    </datafield>
    <datafield ind1=" " ind2=" " tag="500">
      <subfield code="a">Literaturangaben</subfield>
    </datafield>
    <datafield ind1=" " ind2="7" tag="648">
      <subfield code="a">Geschichte 800-1500</subfield>
      <subfield code="2">gnd</subfield>
    </datafield>
    <datafield ind1=" " ind2="7" tag="650">
      <subfield code="0">(DE-588)4014777-0</subfield>
      <subfield code="0">(DE-101)040147770</subfield>
      <subfield code="a">Englisch</subfield>
      <subfield code="2">gnd</subfield>
    </datafield>
    <datafield ind1=" " ind2="7" tag="650">
      <subfield code="0">(DE-588)4035964-5</subfield>
      <subfield code="0">(DE-101)040359646</subfield>
      <subfield code="a">Literatur</subfield>
      <subfield code="2">gnd</subfield>
    </datafield>
    <datafield ind1=" " ind2="7" tag="655">
      <subfield code="a">Aufsatzsammlung</subfield>
      <subfield code="2">gnd</subfield>
    </datafield>
    <datafield ind1="0" ind2="0" tag="689">
      <subfield code="0">(DE-588)4014777-0</subfield>
      <subfield code="0">(DE-101)040147770</subfield>
      <subfield code="D">s</subfield>
      <subfield code="a">Englisch</subfield>
    </datafield>
    <datafield ind1="0" ind2="1" tag="689">
      <subfield code="0">(DE-588)4035964-5</subfield>
      <subfield code="0">(DE-101)040359646</subfield>
      <subfield code="D">s</subfield>
      <subfield code="a">Literatur</subfield>
    </datafield>
    <datafield ind1="0" ind2="2" tag="689">
      <subfield code="A">z</subfield>
      <subfield code="a">Geschichte 800-1500</subfield>
    </datafield>
    <datafield ind1="0" ind2="3" tag="689">
      <subfield code="A">f</subfield>
      <subfield code="a">Aufsatzsammlung</subfield>
    </datafield>
    <datafield ind1="0" ind2=" " tag="689">
      <subfield code="5">DE-101</subfield>
      <subfield code="5">DE-101</subfield>
    </datafield>
    <datafield ind1="1" ind2=" " tag="700">
      <subfield code="0">(DE-588)122345479</subfield>
      <subfield code="0">(DE-101)122345479</subfield>
      <subfield code="a">Matsushita, Tomonori</subfield>
      <subfield code="4">edt</subfield>
      <subfield code="e">Hrsg.</subfield>
    </datafield>
    <datafield ind1=" " ind2="0" tag="830">
      <subfield code="a">Studies in historical linguistics</subfield>
      <subfield code="v">Vol. 7</subfield>
      <subfield code="w">(DE-101)978941845</subfield>
      <subfield code="w">(DE-600)2226836-4</subfield>
      <subfield code="9">17</subfield>
    </datafield>
    <datafield ind1="4" ind2="2" tag="856">
      <subfield code="m">B:DE-101</subfield>
      <subfield code="q">application/pdf</subfield>
      <subfield code="u">http://d-nb.info/101568002X/04</subfield>
      <subfield code="3">Inhaltsverzeichnis</subfield>
    </datafield>
    <datafield ind1="r" ind2=" " tag="925">
      <subfield code="a">ra</subfield>
    </datafield>
  </record>