
  <record>
    <leader>01240nam a2200373uc 4500</leader>
    <controlfield tag="001">1022240390</controlfield>
    <controlfield tag="003">DE-101</controlfield>
    <controlfield tag="005">20120511223157.0</controlfield>
    <controlfield tag="007">cr||||||||||||</controlfield>
    <controlfield tag="008">120511s2012    gw |||||o|||| 00||||ger  </controlfield>
    <datafield ind1=" " ind2=" " tag="015">
      <subfield code="a">12,O06</subfield>
      <subfield code="2">dnb</subfield>
    </datafield>
    <datafield ind1="7" ind2=" " tag="016">
      <subfield code="2">DE-101</subfield>
      <subfield code="a">1022240390</subfield>
    </datafield>
    <datafield ind1=" " ind2=" " tag="020">
      <subfield code="a">9783593417417</subfield>
      <subfield code="9">978-3-593-41741-7</subfield>
    </datafield>
    <datafield ind1="3" ind2=" " tag="024">
      <subfield code="a">9783593417417</subfield>
    </datafield>
    <datafield ind1="7" ind2=" " tag="024">
      <subfield code="2">urn</subfield>
      <subfield code="a">urn:nbn:de:101:1-201205117326</subfield>
    </datafield>
    <datafield ind1=" " ind2=" " tag="035">
      <subfield code="a">(DE-599)DNB1022240390</subfield>
    </datafield>
    <datafield ind1=" " ind2=" " tag="040">
      <subfield code="a">1240</subfield>
      <subfield code="b">ger</subfield>
      <subfield code="c">DE-101</subfield>
      <subfield code="d">9999</subfield>
    </datafield>
    <datafield ind1=" " ind2=" " tag="041">
      <subfield code="a">ger</subfield>
    </datafield>
    <datafield ind1=" " ind2=" " tag="044">
      <subfield code="c">XA-DE-HE</subfield>
    </datafield>
    <datafield ind1="7" ind2="4" tag="082">
      <subfield code="a">300</subfield>
      <subfield code="q">DE-101</subfield>
      <subfield code="2">22sdnb</subfield>
    </datafield>
    <datafield ind1=" " ind2=" " tag="084">
      <subfield code="a">300</subfield>
      <subfield code="q">DE-101</subfield>
      <subfield code="2">sdnb</subfield>
    </datafield>
    <datafield ind1="1" ind2=" " tag="100">
      <subfield code="0">(DE-588)1022304631</subfield>
      <subfield code="0">(DE-101)1022304631</subfield>
      <subfield code="a">Fournier, Cay von</subfield>
      <subfield code="4">aut</subfield>
    </datafield>
    <datafield ind1="1" ind2="0" tag="245">
      <subfield code="a">Wirtschaft braucht Werte</subfield>
      <subfield code="h">[Elektronische Ressource]</subfield>
      <subfield code="c">Cay von Fournier</subfield>
    </datafield>
    <datafield ind1="1" ind2="3" tag="246">
      <subfield code="a">Fournier, Keynote Werte</subfield>
    </datafield>
    <datafield ind1=" " ind2=" " tag="250">
      <subfield code="a">1. Aufl.</subfield>
    </datafield>
    <datafield ind1=" " ind2=" " tag="259">
      <subfield code="a">11</subfield>
    </datafield>
    <datafield ind1="3" ind2=" " tag="260">
      <subfield code="a">Frankfurt am Main</subfield>
      <subfield code="b">Campus Verlag</subfield>
      <subfield code="c">2012</subfield>
    </datafield>
    <datafield ind1=" " ind2=" " tag="300">
      <subfield code="a">Online-Ressource</subfield>
    </datafield>
    <datafield ind1=" " ind2=" " tag="500">
      <subfield code="a">Lizenzpflichtig</subfield>
    </datafield>
    <datafield ind1="1" ind2=" " tag="583">
      <subfield code="a">Langzeitarchivierung gewährleistet</subfield>
      <subfield code="i">LZA</subfield>
    </datafield>
    <datafield ind1="4" ind2="0" tag="856">
      <subfield code="u">http://nbn-resolving.de/urn:nbn:de:101:1-201205117326</subfield>
      <subfield code="x">Resolving-System</subfield>
    </datafield>
    <datafield ind1=" " ind2="0" tag="856">
      <subfield code="u">http://d-nb.info/1022240390/34</subfield>
      <subfield code="x">Langzeitarchivierung Nationalbibliothek</subfield>
    </datafield>
    <datafield ind1="4" ind2=" " tag="856">
      <subfield code="u">http://www.campus.de/home/</subfield>
      <subfield code="x">Verlag</subfield>
    </datafield>
    <datafield ind1="r" ind2=" " tag="925">
      <subfield code="a">ro</subfield>
      <subfield code="a">ra</subfield>
    </datafield>
  </record>