
  <record>
    <leader>01225nam a2200325uc 4500</leader>
    <controlfield tag="001">1027658180</controlfield>
    <controlfield tag="003">DE-101</controlfield>
    <controlfield tag="005">20121113190120.0</controlfield>
    <controlfield tag="007">cr||||||||||||</controlfield>
    <controlfield tag="008">121110s1963    gw |||||o|||| 00||||ger  </controlfield>
    <datafield ind1=" " ind2=" " tag="015">
      <subfield code="a">12,O12</subfield>
      <subfield code="2">dnb</subfield>
    </datafield>
    <datafield ind1="7" ind2=" " tag="016">
      <subfield code="2">DE-101</subfield>
      <subfield code="a">1027658180</subfield>
    </datafield>
    <datafield ind1=" " ind2=" " tag="020">
      <subfield code="a">9783663042006</subfield>
      <subfield code="9">978-3-663-04200-6</subfield>
    </datafield>
    <datafield ind1="3" ind2=" " tag="024">
      <subfield code="a">9783663042006</subfield>
    </datafield>
    <datafield ind1="7" ind2=" " tag="024">
      <subfield code="2">doi</subfield>
      <subfield code="a">10.1007/978-3-663-04200-6</subfield>
    </datafield>
    <datafield ind1="7" ind2=" " tag="024">
      <subfield code="2">urn</subfield>
      <subfield code="a">urn:nbn:de:1111-201211101021</subfield>
    </datafield>
    <datafield ind1=" " ind2=" " tag="035">
      <subfield code="a">(DE-599)DNB1027658180</subfield>
    </datafield>
    <datafield ind1=" " ind2=" " tag="040">
      <subfield code="a">1140</subfield>
      <subfield code="b">ger</subfield>
      <subfield code="c">DE-101</subfield>
      <subfield code="d">9999</subfield>
    </datafield>
    <datafield ind1=" " ind2=" " tag="041">
      <subfield code="a">ger</subfield>
    </datafield>
    <datafield ind1=" " ind2=" " tag="044">
      <subfield code="c">XA-DE-BE</subfield>
    </datafield>
    <datafield ind1="1" ind2="0" tag="245">
      <subfield code="a">Max Weber zum Gedächtnis</subfield>
      <subfield code="h">[Elektronische Ressource]</subfield>
      <subfield code="b">Materialien und Dokumente zur Bewertung von Werk und Persönlichkeit</subfield>
    </datafield>
    <datafield ind1="3" ind2=" " tag="260">
      <subfield code="a">Wiesbaden</subfield>
      <subfield code="b">VS Verlag für Sozialwissenschaften</subfield>
      <subfield code="c">1963</subfield>
    </datafield>
    <datafield ind1=" " ind2=" " tag="300">
      <subfield code="a">Online-Ressource</subfield>
    </datafield>
    <datafield ind1="0" ind2=" " tag="490">
      <subfield code="a">Kölner Zeitschrift für Soziologie und Sozialpsychologie</subfield>
    </datafield>
    <datafield ind1=" " ind2=" " tag="500">
      <subfield code="a">Lizenzpflichtig</subfield>
    </datafield>
    <datafield ind1="1" ind2=" " tag="583">
      <subfield code="a">Langzeitarchivierung gewährleistet</subfield>
      <subfield code="i">LZA</subfield>
    </datafield>
    <datafield ind1="4" ind2="0" tag="856">
      <subfield code="u">http://nbn-resolving.de/urn:nbn:de:1111-201211101021</subfield>
      <subfield code="x">Resolving-System</subfield>
    </datafield>
    <datafield ind1=" " ind2="0" tag="856">
      <subfield code="u">http://d-nb.info/1027658180/34</subfield>
      <subfield code="x">Langzeitarchivierung Nationalbibliothek</subfield>
    </datafield>
    <datafield ind1="4" ind2=" " tag="856">
      <subfield code="u">http://www.springerlink.com/content/978-3-663-04200-6</subfield>
      <subfield code="x">Verlag</subfield>
    </datafield>
    <datafield ind1="r" ind2=" " tag="925">
      <subfield code="a">ro</subfield>
      <subfield code="a">ra</subfield>
    </datafield>
  </record>