
  <record>
    <leader>01588nam a2200385 c 4500</leader>
    <controlfield tag="001">1030750319</controlfield>
    <controlfield tag="003">DE-101</controlfield>
    <controlfield tag="005">20130316185757.0</controlfield>
    <controlfield tag="007">tu</controlfield>
    <controlfield tag="008">130206s2000    gw |||||r|||| 00|||||||  </controlfield>
    <datafield ind1="7" ind2=" " tag="016">
      <subfield code="2">DE-101</subfield>
      <subfield code="a">1030750319</subfield>
    </datafield>
    <datafield ind1=" " ind2=" " tag="035">
      <subfield code="a">(DE-599)DNB1030750319</subfield>
    </datafield>
    <datafield ind1=" " ind2=" " tag="040">
      <subfield code="a">0101</subfield>
      <subfield code="b">ger</subfield>
      <subfield code="c">DE-101</subfield>
      <subfield code="d">9999</subfield>
    </datafield>
    <datafield ind1=" " ind2=" " tag="044">
      <subfield code="c">XA-DE</subfield>
    </datafield>
    <datafield ind1="1" ind2=" " tag="100">
      <subfield code="a">Unruh, Michael</subfield>
      <subfield code="4">aut</subfield>
    </datafield>
    <datafield ind1="1" ind2="0" tag="245">
      <subfield code="a">Von Beowulf bis Harry Potter</subfield>
      <subfield code="b">tausend Jahre englische Literatur in der British Library</subfield>
      <subfield code="c">Michael Unruh</subfield>
    </datafield>
    <datafield ind1="3" ind2=" " tag="260">
      <subfield code="c">2000</subfield>
    </datafield>
    <datafield ind1=" " ind2=" " tag="300">
      <subfield code="b">Ill.</subfield>
    </datafield>
    <datafield ind1="0" ind2=" " tag="490">
      <subfield code="a">Ausstellungen und Berichte</subfield>
    </datafield>
    <datafield ind1="1" ind2="7" tag="610">
      <subfield code="0">(DE-588)1023420-2</subfield>
      <subfield code="0">(DE-101)004140702</subfield>
      <subfield code="a">British Library</subfield>
      <subfield code="2">gnd</subfield>
    </datafield>
    <datafield ind1="1" ind2="7" tag="610">
      <subfield code="0">(DE-588)1023420-2</subfield>
      <subfield code="0">(DE-101)004140702</subfield>
      <subfield code="a">British Library</subfield>
      <subfield code="2">gnd</subfield>
    </datafield>
    <datafield ind1=" " ind2="7" tag="650">
      <subfield code="0">(DE-588)4129601-1</subfield>
      <subfield code="0">(DE-101)04129601X</subfield>
      <subfield code="a">Ausstellung</subfield>
      <subfield code="2">gnd</subfield>
    </datafield>
    <datafield ind1=" " ind2="7" tag="650">
      <subfield code="0">(DE-588)4006439-6</subfield>
      <subfield code="0">(DE-101)040064395</subfield>
      <subfield code="a">Bibliothek</subfield>
      <subfield code="2">gnd</subfield>
    </datafield>
    <datafield ind1=" " ind2="7" tag="650">
      <subfield code="0">(DE-588)4129601-1</subfield>
      <subfield code="0">(DE-101)04129601X</subfield>
      <subfield code="a">Ausstellung</subfield>
      <subfield code="2">gnd</subfield>
    </datafield>
    <datafield ind1=" " ind2="7" tag="650">
      <subfield code="0">(DE-588)4006439-6</subfield>
      <subfield code="0">(DE-101)040064395</subfield>
      <subfield code="a">Bibliothek</subfield>
      <subfield code="2">gnd</subfield>
    </datafield>
    <datafield ind1="0" ind2="0" tag="689">
      <subfield code="0">(DE-588)4129601-1</subfield>
      <subfield code="0">(DE-101)04129601X</subfield>
      <subfield code="D">s</subfield>
      <subfield code="a">Ausstellung</subfield>
    </datafield>
    <datafield ind1="0" ind2="1" tag="689">
      <subfield code="0">(DE-588)1023420-2</subfield>
      <subfield code="0">(DE-101)004140702</subfield>
      <subfield code="D">b</subfield>
      <subfield code="a">British Library</subfield>
    </datafield>
    <datafield ind1="0" ind2="2" tag="689">
      <subfield code="0">(DE-588)4006439-6</subfield>
      <subfield code="0">(DE-101)040064395</subfield>
      <subfield code="D">s</subfield>
      <subfield code="a">Bibliothek</subfield>
    </datafield>
    <datafield ind1="0" ind2=" " tag="689">
      <subfield code="5">DE-101d</subfield>
      <subfield code="5">DE-101d</subfield>
    </datafield>
    <datafield ind1="1" ind2="0" tag="689">
      <subfield code="0">(DE-588)1023420-2</subfield>
      <subfield code="0">(DE-101)004140702</subfield>
      <subfield code="D">b</subfield>
      <subfield code="a">British Library</subfield>
    </datafield>
    <datafield ind1="1" ind2="1" tag="689">
      <subfield code="0">(DE-588)4129601-1</subfield>
      <subfield code="0">(DE-101)04129601X</subfield>
      <subfield code="D">s</subfield>
      <subfield code="a">Ausstellung</subfield>
    </datafield>
    <datafield ind1="1" ind2="2" tag="689">
      <subfield code="0">(DE-588)4006439-6</subfield>
      <subfield code="0">(DE-101)040064395</subfield>
      <subfield code="D">s</subfield>
      <subfield code="a">Bibliothek</subfield>
    </datafield>
    <datafield ind1="1" ind2=" " tag="689">
      <subfield code="5">DE-101d</subfield>
      <subfield code="5">DE-101d</subfield>
    </datafield>
    <datafield ind1="0" ind2="8" tag="772">
      <subfield code="i">In:</subfield>
      <subfield code="t">Aus dem Antiquariat</subfield>
      <subfield code="w">(DE-600)517761-3</subfield>
      <subfield code="w">(DE-101)012744662</subfield>
    </datafield>
    <datafield ind1="0" ind2="8" tag="773">
      <subfield code="g">number:10</subfield>
      <subfield code="g">year:2000</subfield>
      <subfield code="g">pages:A645-646</subfield>
    </datafield>
  </record>