
  <record>
    <leader>01206nam a2200313 c 4500</leader>
    <controlfield tag="001">1030989753</controlfield>
    <controlfield tag="003">DE-101</controlfield>
    <controlfield tag="005">20130316194803.0</controlfield>
    <controlfield tag="007">tu</controlfield>
    <controlfield tag="008">130206s2008    gw |||||r|||| 00|||||||  </controlfield>
    <datafield ind1="7" ind2=" " tag="016">
      <subfield code="2">DE-101</subfield>
      <subfield code="a">1030989753</subfield>
    </datafield>
    <datafield ind1=" " ind2=" " tag="035">
      <subfield code="a">(DE-599)DNB1030989753</subfield>
    </datafield>
    <datafield ind1=" " ind2=" " tag="040">
      <subfield code="a">0101</subfield>
      <subfield code="b">ger</subfield>
      <subfield code="c">DE-101</subfield>
      <subfield code="d">9999</subfield>
    </datafield>
    <datafield ind1=" " ind2=" " tag="044">
      <subfield code="c">XA-DE</subfield>
    </datafield>
    <datafield ind1="1" ind2=" " tag="100">
      <subfield code="a">Baier, Eckart</subfield>
      <subfield code="4">aut</subfield>
    </datafield>
    <datafield ind1="1" ind2="0" tag="245">
      <subfield code="a">Draußen vor der Tür</subfield>
      <subfield code="c">Eckart Baier; Holger Heimann</subfield>
    </datafield>
    <datafield ind1="3" ind2=" " tag="260">
      <subfield code="c">2008</subfield>
    </datafield>
    <datafield ind1=" " ind2=" " tag="300">
      <subfield code="b">Ill.</subfield>
    </datafield>
    <datafield ind1="1" ind2=" " tag="490">
      <subfield code="a">Markt</subfield>
      <subfield code="v">Thema der Woche</subfield>
    </datafield>
    <datafield ind1=" " ind2=" " tag="500">
      <subfield code="a">Kleinere Verlage haben es schwer bei den Ketten. Einlass findet, wer einen Bestseller im Gepäck hat. Alle anderen bauen ihr Direktgeschäft aus - oder hoffen auf das Verbundprinzip.</subfield>
    </datafield>
    <datafield ind1=" " ind2="7" tag="650">
      <subfield code="0">(DE-588)4125972-5</subfield>
      <subfield code="0">(DE-101)041259726</subfield>
      <subfield code="a">Minipresse</subfield>
      <subfield code="2">gnd</subfield>
    </datafield>
    <datafield ind1=" " ind2="7" tag="650">
      <subfield code="0">(DE-588)4008626-4</subfield>
      <subfield code="0">(DE-101)040086267</subfield>
      <subfield code="a">Buchhandel</subfield>
      <subfield code="2">gnd</subfield>
    </datafield>
    <datafield ind1="0" ind2="0" tag="689">
      <subfield code="0">(DE-588)4125972-5</subfield>
      <subfield code="0">(DE-101)041259726</subfield>
      <subfield code="D">s</subfield>
      <subfield code="a">Minipresse</subfield>
    </datafield>
    <datafield ind1="0" ind2="1" tag="689">
      <subfield code="0">(DE-588)4008626-4</subfield>
      <subfield code="0">(DE-101)040086267</subfield>
      <subfield code="D">s</subfield>
      <subfield code="a">Buchhandel</subfield>
    </datafield>
    <datafield ind1="0" ind2=" " tag="689">
      <subfield code="5">DE-101d</subfield>
      <subfield code="5">DE-101d</subfield>
    </datafield>
    <datafield ind1="1" ind2=" " tag="700">
      <subfield code="a">Heimann, Holger</subfield>
      <subfield code="4">cre</subfield>
    </datafield>
    <datafield ind1="0" ind2="8" tag="772">
      <subfield code="i">In:</subfield>
      <subfield code="t">Börsenblatt</subfield>
      <subfield code="w">(DE-600)2097499-1</subfield>
      <subfield code="w">(DE-101)024179426</subfield>
    </datafield>
    <datafield ind1="0" ind2="8" tag="773">
      <subfield code="g">volume:175</subfield>
      <subfield code="g">number:20</subfield>
      <subfield code="g">year:2008</subfield>
      <subfield code="g">pages:14-16</subfield>
    </datafield>
    <datafield ind1=" " ind2="0" tag="830">
      <subfield code="a">Markt</subfield>
      <subfield code="v">Thema der Woche</subfield>
    </datafield>
  </record>