
  <record>
    <leader>01262nam a2200349uc 4500</leader>
    <controlfield tag="001">1031492801</controlfield>
    <controlfield tag="003">DE-101</controlfield>
    <controlfield tag="005">20130228101054.0</controlfield>
    <controlfield tag="007">cr||||||||||||</controlfield>
    <controlfield tag="008">130220s2013    gw |||||o|||| 00||||ger  </controlfield>
    <datafield ind1=" " ind2=" " tag="015">
      <subfield code="a">13,O03</subfield>
      <subfield code="2">dnb</subfield>
    </datafield>
    <datafield ind1="7" ind2=" " tag="016">
      <subfield code="2">DE-101</subfield>
      <subfield code="a">1031492801</subfield>
    </datafield>
    <datafield ind1=" " ind2=" " tag="020">
      <subfield code="a">9783159602257</subfield>
      <subfield code="9">978-3-15-960225-7</subfield>
    </datafield>
    <datafield ind1="7" ind2=" " tag="024">
      <subfield code="2">urn</subfield>
      <subfield code="a">urn:nbn:de:101:1-201302209072</subfield>
    </datafield>
    <datafield ind1=" " ind2=" " tag="035">
      <subfield code="a">(DE-599)DNB1031492801</subfield>
    </datafield>
    <datafield ind1=" " ind2=" " tag="040">
      <subfield code="a">1240</subfield>
      <subfield code="b">ger</subfield>
      <subfield code="c">DE-101</subfield>
      <subfield code="d">1240</subfield>
    </datafield>
    <datafield ind1=" " ind2=" " tag="041">
      <subfield code="a">ger</subfield>
    </datafield>
    <datafield ind1=" " ind2=" " tag="044">
      <subfield code="c">XA-DE-BW</subfield>
    </datafield>
    <datafield ind1="7" ind2="4" tag="082">
      <subfield code="a">830</subfield>
      <subfield code="a">B</subfield>
      <subfield code="q">DE-101</subfield>
      <subfield code="2">23sdnb</subfield>
    </datafield>
    <datafield ind1=" " ind2=" " tag="084">
      <subfield code="a">830</subfield>
      <subfield code="a">B</subfield>
      <subfield code="q">DE-101</subfield>
      <subfield code="2">sdnb</subfield>
    </datafield>
    <datafield ind1="1" ind2=" " tag="100">
      <subfield code="0">(DE-588)10012643X</subfield>
      <subfield code="0">(DE-101)10012643X</subfield>
      <subfield code="a">Frey, Johannes</subfield>
      <subfield code="4">aut</subfield>
    </datafield>
    <datafield ind1="1" ind2="0" tag="245">
      <subfield code="a">Beowulf</subfield>
      <subfield code="h">[Elektronische Ressource]</subfield>
      <subfield code="b">Das angelsächsische Heldenlied</subfield>
      <subfield code="c">Johannes Frey</subfield>
    </datafield>
    <datafield ind1="3" ind2=" " tag="260">
      <subfield code="a">Stuttgart</subfield>
      <subfield code="b">Reclam Verlag</subfield>
      <subfield code="c">2013</subfield>
    </datafield>
    <datafield ind1=" " ind2=" " tag="300">
      <subfield code="a">Online-Ressource</subfield>
    </datafield>
    <datafield ind1=" " ind2=" " tag="500">
      <subfield code="a">Lizenzpflichtig</subfield>
    </datafield>
    <datafield ind1="1" ind2=" " tag="583">
      <subfield code="a">Langzeitarchivierung gewährleistet</subfield>
      <subfield code="i">LZA</subfield>
    </datafield>
    <datafield ind1=" " ind2="7" tag="655">
      <subfield code="0">(DE-101)1010836293</subfield>
      <subfield code="a">Erzählende Literatur: Hauptwerk vor 1945</subfield>
      <subfield code="2">gatbeg</subfield>
    </datafield>
    <datafield ind1="0" ind2="8" tag="775">
      <subfield code="i">Druckausg.</subfield>
      <subfield code="z">9783150202432</subfield>
    </datafield>
    <datafield ind1="4" ind2="0" tag="856">
      <subfield code="u">http://nbn-resolving.de/urn:nbn:de:101:1-201302209072</subfield>
      <subfield code="x">Resolving-System</subfield>
    </datafield>
    <datafield ind1=" " ind2="0" tag="856">
      <subfield code="u">http://d-nb.info/1031492801/34</subfield>
      <subfield code="x">Langzeitarchivierung Nationalbibliothek</subfield>
    </datafield>
    <datafield ind1="4" ind2=" " tag="856">
      <subfield code="q">epub</subfield>
      <subfield code="u">http://www.reclam.de</subfield>
      <subfield code="x">Verlag</subfield>
    </datafield>
    <datafield ind1="r" ind2=" " tag="925">
      <subfield code="a">ro</subfield>
      <subfield code="a">ra</subfield>
    </datafield>
  </record>