
  <record>
    <leader>00963nam a22002418c 4500</leader>
    <controlfield tag="001">1032783737</controlfield>
    <controlfield tag="003">DE-101</controlfield>
    <controlfield tag="005">20130322213517.0</controlfield>
    <controlfield tag="007">cr||||||||||||</controlfield>
    <controlfield tag="008">130322s1935    gw |||||o|||| 00||||ger  </controlfield>
    <datafield ind1="7" ind2=" " tag="016">
      <subfield code="2">DE-101</subfield>
      <subfield code="a">1032783737</subfield>
    </datafield>
    <datafield ind1=" " ind2=" " tag="035">
      <subfield code="a">(DE-599)DNB1032783737</subfield>
    </datafield>
    <datafield ind1=" " ind2=" " tag="040">
      <subfield code="a">1120</subfield>
      <subfield code="b">ger</subfield>
      <subfield code="c">DE-101</subfield>
      <subfield code="d">9999</subfield>
    </datafield>
    <datafield ind1=" " ind2=" " tag="041">
      <subfield code="a">ger</subfield>
    </datafield>
    <datafield ind1=" " ind2=" " tag="044">
      <subfield code="c">XA-DE</subfield>
    </datafield>
    <datafield ind1="1" ind2=" " tag="100">
      <subfield code="0">(DE-588)118509284</subfield>
      <subfield code="0">(DE-101)118509284</subfield>
      <subfield code="a">Berendsohn, Walter A.</subfield>
      <subfield code="d">1884-1984</subfield>
      <subfield code="4">aut</subfield>
    </datafield>
    <datafield ind1="1" ind2="0" tag="245">
      <subfield code="a">Zur Vorgeschichte des "Beowulf"</subfield>
      <subfield code="h">[Elektronische Ressource]</subfield>
      <subfield code="c">Walter A. Berendsohn. Mit e. Vorw. von Otto Jespersen</subfield>
    </datafield>
    <datafield ind1="3" ind2=" " tag="260">
      <subfield code="a">Kopenhagen</subfield>
      <subfield code="b">Levin &amp; Munksgaard</subfield>
      <subfield code="c">1935</subfield>
    </datafield>
    <datafield ind1=" " ind2=" " tag="300">
      <subfield code="a">302 S.</subfield>
    </datafield>
    <datafield ind1=" " ind2=" " tag="530">
      <subfield code="a">Online-Ausg.:</subfield>
    </datafield>
    <datafield ind1=" " ind2=" " tag="533">
      <subfield code="7">s2013uuuu</subfield>
      <subfield code="b">Leipzig ; Frankfurt, M.</subfield>
      <subfield code="c">Dt. Nationalbibliothek</subfield>
      <subfield code="d">2013</subfield>
      <subfield code="e">Online-Ressource</subfield>
      <subfield code="n">[Online-Ausg.]</subfield>
    </datafield>
    <datafield ind1="1" ind2=" " tag="700">
      <subfield code="0">(DE-588)118776169</subfield>
      <subfield code="0">(DE-101)118776169</subfield>
      <subfield code="a">Jespersen, Otto</subfield>
      <subfield code="d">1860-1943</subfield>
      <subfield code="4">cre</subfield>
    </datafield>
    <datafield ind1="0" ind2="8" tag="775">
      <subfield code="i">Druckausg.</subfield>
      <subfield code="a">Berendsohn, Walter A.</subfield>
      <subfield code="t">Zur Vorgeschichte des "Beowulf"</subfield>
      <subfield code="w">(DE-101)572236921</subfield>
    </datafield>
  </record>
</collection>
